3172 5004
300 382 339 447 18

300 575 383 638 haud
407 572 572 638 immodica
595 571 864 638 observationibus
889 572 919 637 vi
941 573 1095 650 adhibita,
1118 593 1195 656 quos
1210 575 1273 638 iam
1295 575 1400 640 eadem

300 693 437 768 ratione,
469 711 529 773 qua
558 691 597 754 ad
627 692 867 755 construendam
892 692 1032 757 tabulam
1054 693 1180 756 tertiam
1205 693 1254 757 usi
1286 712 1400 771 sumus,

301 811 465 893 dispositos
487 810 538 874 hic
559 808 672 873 addere
696 808 808 890 placat.

451 1017 570 1084 Tabula
592 1017 646 1081 IV.

552 1181 572 1237 4

552 1338 571 1395 8
682 1336 700 1394 5

467 1554 469 1558 ,
533 1495 572 1549 12
662 1493 704 1551 10
812 1494 831 1550 6

534 1650 573 1706 16
663 1647 702 1705 15
794 1650 833 1705 12
947 1652 964 1708 7

535 1808 576 1863 20
665 1805 706 1862 20
795 1806 834 1862 18
926 1806 965 1861 14
1073 1807 1102 1864 8.

392 1999 537 2082 Quisquis
556 1998 732 2064 huiusmodi
753 2000 942 2064 discussione
963 2001 1152 2078 delectatur,
1176 2002 1265 2066 facile
1289 2022 1325 2066 ex
1345 2002 1405 2066 hac

305 2121 413 2186 tabula
443 2119 568 2204 regulas
596 2137 689 2200 supra
720 2119 977 2182 commemoratas
1008 2117 1146 2201 aliasque
1174 2139 1273 2201 neque
1300 2120 1403 2184 minus

305 2238 430 2320 quintae
459 2236 550 2301 seriei
579 2235 779 2300 horizontalis
809 2235 1027 2300 abnormitatis
1056 2254 1181 2300 caussas
1212 2237 1345 2302 deducat
1373 2241 1404 2301 et

305 2355 454 2437 exquirat.
499 2354 620 2418 Tabula
641 2353 737 2419 etiam
758 2354 894 2418 secunda
916 2373 952 2417 ex
974 2355 1033 2418 hac
1053 2353 1199 2418 facillime
1222 2355 1388 2419 derivatur.

298 2526 299 2531 ’
393 2523 459 2586 lam
482 2540 517 2585 eo
545 2520 779 2603 progrediamur
800 2523 837 2585 ut
863 2522 1073 2586 examinemus
1096 2515 1247 2604 quatenus
1269 2543 1305 2586 ea
1328 2541 1406 2604 quae

194 2686 202 2705 .
307 2641 408 2704 adhuc
434 2640 557 2720 reperta
585 2640 671 2716 sunt,
702 2658 772 2702 cum
803 2639 936 2703 veritate
966 2641 1147 2722 congruant.
1198 2639 1405 2718 Quamobrem

305 2756 440 2839 primum
463 2756 589 2820 maximi
611 2760 643 2821 et
665 2756 785 2821 minimi
806 2756 999 2839 singularum
1026 2756 1276 2821 observationum
1298 2777 1314 2820 e
1337 2757 1406 2838 qui-

307 2875 365 2938 bus
385 2874 526 2938 tabulam
548 2875 716 2940 secundam
739 2874 896 2938 effecimus
923 2874 1045 2937 valeres
1066 2873 1174 2937 eodem
1196 2874 1302 2938 ordine
1325 2874 1406 2937 inter

307 3011 340 3056 se
379 2993 586 3056 conferantur.
642 2992 809 3073 Perspicua
836 2994 981 3074 apparet,
1015 2992 1041 3057 si
1068 2991 1195 3074 regulae
1229 2992 1403 3073 propositae
1454 3028 1455 3033 κ
1553 2976 1554 3043 J

306 3129 338 3174 re
360 3130 434 3175 vera
457 3112 584 3175 valeant
605 3129 704 3191 neque
727 3111 828 3174 solum
849 3109 977 3174 fortuito
1000 3109 1137 3173 numeris
1158 3110 1266 3173 solerti
1285 3109 1404 3174 ratione

307 3228 486 3310 compositis
507 3229 635 3292 effectae
646 3227 755 3291 uideri
777 3228 918 3304 debeant,
943 3227 1039 3291 etiam
1057 3226 1091 3290 in
1108 3226 1235 3291 tabellis
1254 3227 1404 3289 maximo-

305 3365 375 3408 rum
396 3347 428 3409 et
449 3346 647 3410 minimorum
671 3363 723 3407 eas
745 3363 903 3407 recurrere
925 3344 1046 3408 debere.

460 3548 581 3635 Tabula
600 3548 638 3612 V.
769 3550 906 3614 Maxima

500 3713 575 3787 e,oo

499 3869 570 3943 sar
659 3870 730 3938 aas

499 4027 569 4098 333
658 4026 730 4099 spo
840 4026 913 4096 334

498 4183 570 4253 aro
657 4183 730 4253 neo
819 4182 910 4252 roan
1001 4185 1093 4254 1334

494 4338 567 4411 oso
656 4339 727 4411 oso
836 4301 909 4409 333
964 4420 967 4423 ¹
1019 4341 1090 4412 eso
1179 4340 1260 4412 are.
