3172 5004
270 386 314 451 24

359 576 467 642 Obiter
487 597 554 642 rem
579 577 789 642 consideranti
803 596 929 641 necesse
952 576 1039 640 vider
1071 576 1170 657 possit
1191 578 1227 641 ut
1246 577 1372 642 tabulae

272 713 371 758 nonae
394 695 516 758 numeri
535 695 660 763 tabulae
689 695 826 759 decimae
848 714 905 777 ope
926 694 965 790 ad
986 713 1083 758 unum
1112 696 1232 775 pondus
1253 695 1371 761 initiale

271 812 461 896 redigantur.
520 812 581 878 Sed
608 813 718 878 tabula
753 813 874 877 decima
900 833 961 878 non
988 813 1181 896 integrcmm
1211 833 1373 897 corporum

272 932 409 1014 pondera
436 931 570 1007 indicat,
609 930 663 996 scd
692 932 755 995 iam
776 931 844 1013 ipso
870 932 976 996 morbo
1004 950 1058 1014 per
1080 932 1204 997 breiu'us
1226 933 1276 997 uel
1305 934 1374 999 lon-

272 1050 342 1132 gius
366 1049 515 1132 temporis
537 1049 739 1114 intervallum
760 1018 877 1113 maiore
898 1044 949 1113 v'el
963 1048 1079 1113 leniore
1102 1049 1284 1115 intensitate
1307 1071 1376 1116 sae-

273 1167 377 1235 uiente
405 1168 549 1233 alterata.
603 1167 798 1251 Quapropter
825 1167 966 1233 reductio
993 1166 1049 1231 illa
1081 1167 1149 1231 fiori
1180 1188 1242 1233 non
1261 1170 1375 1250 potest.

273 1276 389 1351 Mirum
412 1286 517 1350 autem
538 1287 570 1351 in
585 1285 712 1350 modum
732 1286 870 1369 pondera
889 1305 925 1349 er
941 1284 1041 1367 prima
1054 1284 1219 1349 libratione
1240 1286 1376 1365 inventa,

273 1402 378 1485 qualia
399 1404 508 1468 tabula
530 1403 650 1468 decima
668 1404 820 1479 ostendit,
848 1403 1006 1487 grauitati
1027 1404 1249 1485 aegrotationis
1273 1423 1309 1468 ac
1330 1406 1378 1469 fe-

267 1520 331 1586 bris
371 1521 568 1586 diuturnitati
600 1523 797 1604 respondent.
857 1522 950 1587 Cuius
983 1522 1028 1585 rei
1057 1541 1167 1586 caussa
1203 1522 1314 1586 idonea
1344 1524 1377 1587 in

275 1641 421 1723 promptu
450 1641 507 1703 est.
565 1639 720 1722 Suspicari
751 1643 833 1705 certe
861 1639 986 1722 quidem
1018 1658 1078 1703 nou
1106 1639 1197 1715 licet,
1235 1641 1377 1723 graviore

277 1758 309 1820 et
328 1756 468 1840 longiore
491 1758 599 1822 morbo
630 1776 759 1840 corpora
781 1757 1001 1842 ponderosiora
1023 1775 1144 1840 semper
1166 1758 1263 1834 affici3
1295 1760 1379 1824 haud

194 1858 198 1863 ¹
254 1876 378 1957 vinepte
398 1877 504 1941 tamen
529 1877 658 1973 robusta
681 1895 810 1960 corpora
836 1848 967 1940 infirmis
995 1874 1118 1940 facilius
1145 1877 1289 1940 morbum
1306 1897 1379 1960 gra-

275 1993 392 2057 viorem
431 2013 575 2075 superare
614 1994 768 2059 coniicias.
835 1992 937 2072 Quum
983 1996 1088 2059 autem
1127 1994 1159 2057 in
1202 1997 1380 2061 nostrorum

169 2182 172 2189 ‚
277 2129 407 2175 casuum
437 2131 601 2178 numemm
638 2111 788 2177 eiusmodi
816 2113 941 2175 tantum
971 2129 1060 2175 casus
1090 2111 1182 2176 relati
1215 2113 1292 2189 sint,
1328 2115 1380 2196 qui

274 2229 411 2294 feliciore
430 2208 518 2295 'exitu
538 2231 716 2307 uterentur,
746 2228 838 2294 facile
857 2228 957 2310 possis
981 2229 1194 2311 interpretari,
1217 2231 1298 2312 quod
1320 2233 1380 2296 hoc

274 2347 366 2413 modo
390 2367 481 2417 casus
503 2348 663 2432 graviores
685 2348 718 2411 in
742 2345 968 2411 robustioribus
998 2347 1215 2412 tantummodo
1242 2350 1381 2431 corpori·

275 2466 334 2530 bus
356 2468 388 2530 et
406 2466 518 2530 melius
540 2466 668 2530 nutritis
691 2466 863 2529 occurrant.
890 2466 943 2529 ,Ε
970 2465 1108 2529 numeris
1132 2465 1234 2530 adhuc
1257 2469 1381 2533 erstan-

274 2583 358 2648 tibus
387 2584 551 2649 decernere
582 2583 710 2649 omuino·
735 2602 797 2647 non
834 2582 924 2660 licet,
960 2584 1067 2648 utrum
1094 2584 1214 2665 pondus
1244 2588 1380 2668 corporis

273 2702 387 2786 integri
411 2701 606 2785 aliquantum
629 2702 668 2767 ad
693 2702 891 2767 decrementa
915 2702 1049 2766 valuerit
1072 2720 1176 2766 necne.
1220 2704 1381 2770 Invenitur

275 2820 417 2905 enimin
442 2821 565 2886 casibus
595 2820 733 2886 eiusdem
761 2820 926 2904 gravitatis
952 2837 1048 2901 parvo
1080 2819 1216 2907 corporis
1243 2822 1380 2902 pondere

274 2957 405 3020 magna,
427 2958 541 3024 magno
565 2942 662 3022 parva
682 2940 804 3004 iactura
824 2939 857 3021 et
881 2936 948 3001 vice
974 2954 1072 3000 versa.
1117 2938 1227 3035 ltaque
1241 2938 1380 3004 iacturae

226 3046 229 3051 ’
274 3053 456 3139 magnitudo
487 3076 503 3120 e
532 3057 667 3139 corporis
694 3056 829 3138 pondere
858 3052 972 3118 initiali
1001 3054 1134 3137 pendere
1162 3074 1225 3118 non
1248 3056 1379 3121 videtur.

275 3172 420 3255 Sequitur
448 3176 508 3239 hcc
537 3174 632 3245 etiam
662 3194 677 3239 e
707 3192 868 3256 corporum
900 3172 1086 3254 ponderibus
1110 3172 1215 3254 qualia
1244 3174 1380 3238 extincta

273 3291 358 3356 febre
382 3293 595 3376 reperiuntur,
616 3295 653 3357 ut
673 3294 763 3357 infra.

491 3459 612 3525 Tabula
631 3460 685 3525 XI.

770 3551 885 3656 saco

774 3702 868 3775 anes

774 3820 868 3890 sose

772 3937 865 4009 soor

773 4055 876 4125 eoas.

349 4234 480 4315 ‘Quodsi
508 4233 707 4298 decrementa
737 4230 886 4296 directam
917 4247 987 4293 cum
1010 4228 1198 4310 ponderibus
1219 4244 1382 4309 corporum

274 4353 447 4419 initialibus
479 4352 634 4416 rationem
668 4350 837 4426 haberent,
871 4347 1044 4431 pondemm
1076 4345 1215 4411 finalium
1252 4343 1381 4410 eandem
