3172 5004
292 398 333 463 14

289 589 402 670 quique
424 606 515 652 casus
537 585 711 650 diutissime
732 588 934 668 perseverant
963 585 1009 650 ita
1030 585 1208 668 gravissimi
1239 587 1327 653 suut:
1360 588 1399 651 ob

290 724 420 786 eamque
443 722 587 768 caussam
614 703 740 766 minhne
767 703 951 767 normaliter
980 690 1158 768 decurrunt.
1219 704 1401 786 Complures

291 822 385 885 etiam
408 840 514 886 eorum
538 840 683 895 casuum,
712 820 765 901 qui
787 821 847 884 hac
870 822 1009 884 extrema
1031 821 1109 884 serie
1133 822 1347 896 continentur,
1375 822 1400 884 si

289 939 392 1003 minus
415 957 500 1001 mere
516 936 659 1012 recidivi,
684 938 790 1000 tamen
813 939 897 1000 certe
921 956 1012 1000 casus
1027 939 1280 1002 recrudescentes
1296 938 1402 1002 exist'·

289 1055 396 1120 mandi
420 1057 510 1130 sunt,
545 1055 576 1117 in
610 1055 721 1136 quibus
751 1054 925 1135 aegrotatio
956 1054 1205 1137 redintegretur,
1234 1058 1401 1137 antequam

288 1173 375 1255 prius
399 1173 536 1254 perfecte
559 1169 685 1235 sublata
706 1170 757 1233 sit.

377 1289 438 1355 Sed
468 1288 576 1370 primis
606 1288 739 1368 quatuor
770 1286 930 1352 ordinibus
957 1288 1203 1353 horizontalibus
1239 1289 1400 1370 perspicue

288 1408 348 1473 hae
369 1406 498 1488 regulae
523 1403 748 1486 exprimuntur.

379 1524 410 1604 1)
435 1522 678 1588 Decrementum
699 1519 862 1602 ponderis,
892 1520 974 1602 quod
995 1522 1134 1585 extrema
1156 1524 1230 1586 ante
1252 1523 1401 1588 mutat'o·

289 1662 362 1705 nem
383 1641 578 1706 hebdomade
607 1638 861 1723 acceptumst,
894 1656 930 1701 eo
959 1638 1063 1701 minus
1094 1641 1158 1716 est,
1195 1660 1255 1721 quo
1284 1641 1401 1705 diutius

289 1759 417 1823 morbus
437 1759 501 1822 iarn
524 1756 746 1838 perseveravit.

377 1875 410 1958 2)
439 1876 681 1938 Decrcmeutum
710 1871 855 1953 ponderis
877 1892 940 1936 una
969 1892 1091 1955 quaque
1123 1875 1317 1939 hebdomade
1348 1893 1401 1939 ac-

290 1997 430 2076 ceptum,
452 1991 505 2056 ubi
528 1990 663 2055 conditio
688 1988 895 2054 febriculenta
915 1990 1032 2055 diutius
1055 1992 1196 2072 persistit
1215 1992 1318 2055 minus
1343 1992 1400 2065 est,

289 2130 383 2193 quam
407 2109 436 2173 in
460 2109 499 2172 iis
524 2107 646 2172 casibus
669 2107 722 2188 qui
741 2126 797 2188 per
820 2107 944 2171 brevius
968 2107 1118 2190 temporis
1148 2108 1281 2189 spatium
1306 2107 1401 2171 febri-

201 2269 208 2286 .
290 2228 398 2291 citant.

379 2345 411 2426 3)
443 2342 595 2408 Omnibus
617 2342 648 2404 in
673 2340 797 2406 casibus
822 2340 970 2421 cuiusque
994 2339 1198 2404 hebdomadis
1221 2342 1401 2405 decremen-

288 2465 356 2527 tum
395 2480 430 2526 eo
467 2460 568 2542 magis
605 2458 804 2533 diminuitur,
841 2474 902 2538 quo
934 2456 1059 2538 longius
1089 2457 1218 2521 morbus
1248 2460 1396 2540 procedit.

287 2581 461 2644 Maximum
489 2576 572 2641 enim
594 2576 827 2639 decrementum
855 2572 969 2655 ubique
991 2573 1031 2637 ad
1051 2574 1199 2654 primam,
1233 2575 1397 2639 minimum

288 2697 327 2762 ad
351 2697 522 2761 extremam
544 2696 616 2758 ante
636 2690 842 2755 mutationem
864 2689 1091 2754 hebdomadem
1113 2691 1257 2771 pertinet.

376 2815 409 2894 4)
432 2812 587 2877 Universa
606 2809 876 2873 decrementorum
903 2805 1048 2887 ponderis
1071 2824 1193 2870 summa
1214 2826 1269 2888 per
1293 2809 1396 2872 totum
1449 2790 1463 2801 *¹

287 2930 388 2997 morbi
416 2931 540 3010 tempus
568 2947 604 2993 eo
632 2924 732 2990 maior
760 2924 1034 2999 animadvertitur,
1065 2942 1125 3005 quo
1149 2923 1265 2988 diutius
1294 2927 1396 2988 status

286 3048 510 3114 febriculentus
531 3044 680 3127 persistit.

375 3167 480 3229 Pauca
509 3160 659 3227 hocloco
687 3159 801 3223 addere
830 3159 949 3240 placet,
986 3157 1097 3240 quibus
1126 3158 1218 3224 huius
1245 3160 1290 3224 rei
1316 3160 1395 3223 ratio

288 3283 475 3348 illustretur.

375 3399 427 3464 Ad
457 3399 489 3478 1)
516 3398 604 3461 Haec
634 3393 744 3479 regula
770 3392 904 3457 urarirne
936 3392 1120 3457 confirmata
1158 3395 1207 3458 est
1236 3395 1329 3476 atque
1363 3395 1395 3458 in

288 3516 440 3599 supremis
462 3518 545 3580 certe
564 3512 724 3577 ordinibus
743 3509 906 3575 latissimis
921 3509 1134 3575 fundamentis
1151 3511 1278 3587 nititur,
1300 3531 1395 3593 quum

288 3633 458 3700 secundum
489 3632 535 3695 rei
557 3632 702 3694 naturam
731 3628 851 3693 numeri
886 3645 963 3707 quos
989 3627 1108 3708 primus
1134 3629 1209 3692 ordo
1239 3629 1396 3693 verticalis

288 3751 414 3816 exhibet
450 3768 485 3814 ex
520 3746 713 3829 amplissimo
751 3742 946 3827 singularum
985 3745 1238 3810 observationum
1266 3763 1394 3808 numero

287 3868 523 3950 componantur.
567 3866 603 3929 lu
626 3862 736 3928 tabula
750 3861 875 3944 quidem
896 3861 1061 3925 manifesto
1084 3861 1195 3944 regula
1214 3852 1394 3940 exprimitur

288 3985 426 4050 numeris
460 3984 552 4066 primi
594 3980 710 4047 ordinis
753 3978 911 4043 verticalis
954 3978 1097 4043 deorsum
1134 3972 1392 4042 decrescentibus.

287 4104 513 4168 Verumtamen
538 4099 630 4164 nimis
659 4097 752 4180 longe
781 4116 800 4160 a
825 4096 957 4161 veritate
979 4095 1137 4160 discedere
1163 4092 1318 4165 videatur,
1349 4088 1393 4152 si·

288 4222 357 4303 quis
389 4240 424 4284 ex
451 4216 628 4283 huiusmodi
654 4214 922 4279 observationibus
951 4213 1105 4276 rationem
1135 4207 1392 4274 detrimentorum

288 4338 426 4404 numeris
448 4337 593 4401 accurate
615 4332 744 4397 definire
766 4330 852 4395 velit.
