3172 5004
281 615 387 680 Haece
413 633 428 679 e
449 614 558 679 tabula
579 613 764 697 perspicitur
786 612 928 697 regulam
948 615 1093 696 quartam
1115 635 1178 682 non
1197 616 1299 682 solmn

194 739 235 802 ad
257 708 435 800 universam
459 734 726 798 decrementorum
749 752 903 798 summam
923 753 1021 817 usque
1037 714 1078 799 ad
1092 734 1299 800 mutationem

194 840 350 937 finemque
374 852 468 916 febris
491 851 646 933 pertinere
677 851 851 917 sedetiam
878 852 973 917 latius
1001 853 1167 937 propagari
1196 855 1300 919 ethis

194 975 260 1038 fere
283 971 385 1037 verbis
405 970 599 1053 pronuntiari
619 988 727 1053 posse:
756 971 901 1037 universa
928 971 1196 1036 decrementomm
1221 992 1300 1055 pon-

197 1092 277 1157 deris
297 1109 419 1156 summa
442 1107 520 1170 quae
543 1088 583 1153 ab
603 1088 691 1153 initio
715 1088 939 1155 observationis
961 1109 1059 1172 usque
1078 1090 1119 1154 ad
1140 1091 1301 1173 quodlibet

197 1209 295 1274 morbi
322 1210 447 1290 tempus
469 1207 625 1289 pertinent
648 1225 683 1272 eo
705 1207 803 1272 maior
830 1210 895 1285 est,
926 1210 1042 1291 quanto
1067 1207 1183 1274 diutius
1205 1209 1300 1274 febris

174 1330 348 1392 remanet.
393 1327 430 1390 ln
458 1343 520 1389 una
544 1306 665 1407 quaque
688 1325 770 1389 enim
792 1325 937 1390 columna
962 1326 1104 1392 verticuli
1127 1329 1300 1411 superiores

196 1465 341 1511 muneres
364 1443 561 1508 inferioribus
588 1442 720 1508 maiores
751 1445 967 1510 nanciscimur.
1019 1444 1213 1528 Quamquam
1241 1448 1301 1513 hoe

196 1582 317 1647 quoque
339 1542 408 1627 loco
430 1561 556 1643 quintae
571 1548 675 1627 'seriei
698 1561 899 1628 horizontalis
924 1564 1046 1628 numeri
1073 1566 1193 1648 excepti
1213 1568 1301 1643 sunt;

196 1683 313 1765 quippe¹
333 1681 386 1762 qui
409 1682 537 1761 quartae
564 1679 656 1745 seriei
676 1681 813 1746 numeris
834 1684 899 1746 tam
922 1681 1040 1748 similes
1068 1682 1155 1761 sint,
1185 1685 1222 1749 ut
1242 1685 1300 1749 has

198 1800 275 1864 duas
297 1818 423 1864 casuum
446 1798 562 1863 classes
582 1798 667 1862 haud
686 1798 790 1882 inepte
812 1798 845 1863 in
865 1819 960 1864 unam
982 1800 1169 1866 confundere
1190 1802 1299 1885 possis.

168 1914 172 1923 ’
197 1918 258 1983 Sed
283 1918 361 1982 haec
377 1937 411 2003 ¹a
432 1916 542 1999 regula
564 1915 773 1998 discrepantia
800 1935 837 1980 ea
863 1917 1000 1982 eiusdem
1031 1919 1121 1984 seriei
1144 1920 1301 1985 abnormi·

195 2038 262 2100 tate
285 2036 395 2100 nititur
417 2053 478 2130 qua
498 2035 577 2099 haec
601 2033 670 2116 ipsa
691 2034 787 2098 series
812 2054 830 2098 a
853 2034 1009 2117 superiore
1031 2037 1141 2121 regula
1165 2015 1301 2122 digredi-

196 2154 259 2217 tur.
304 2154 351 2217 Ac
371 2153 509 2235 profecto
538 2152 564 2217 si
583 2151 815 2225 decrementum
846 2170 909 2217 non
933 2153 992 2218 hoc
1013 2153 1104 2239 modo
1132 2154 1300 2221 interrum-

197 2273 322 2352 peretur
347 2271 400 2335 sed
422 2271 456 2334 in
478 2270 586 2335 tabula
615 2270 751 2334 secunda
776 2289 831 2352 pro
860 2290 989 2337 numero
1019 2279 1089 2351 3,09
1117 2274 1170 2356 qui
1190 2277 1300 2357 quarto

196 2389 265 2454 loco
294 2390 425 2472 quintae
449 2388 538 2452 seriei
566 2388 768 2453 horizontalis
792 2388 994 2470 conspicitur,
1026 2391 1159 2456 fortasse
1191 2411 1301 2458 nume·

198 2527 252 2571 rus
282 2513 354 2584 6‚00
383 2526 475 2588 quem
495 2526 531 2570 ex
561 2506 706 2590 analogia
735 2507 826 2572 facile
856 2507 1006 2586 deducas,
1037 2511 1132 2592 atque
1163 2510 1239 2575 adeo
1272 2511 1305 2574 in

199 2624 267 2690 loco
291 2627 428 2690 extremo
459 2625 596 2689 eiusdem
619 2625 710 2688 seriei
730 2644 878 2690 numems
900 2612 973 2703 9‚00
1002 2630 1178 2692 occurreret
1198 2647 1305 2693 omnes

198 2744 320 2808 numeri
349 2744 505 2807 extremae
534 2742 624 2807 seriei
653 2742 854 2807 horizontalis
881 2742 1007 2807 tabulae
1038 2745 1150 2809 tertiae
1172 2745 1304 2827 amplius
1391 2744 1398 2761 '

201 2868 274 2937 5‚oo
296 2862 484 2945 augerentur
504 2860 611 2943 itaque
634 2861 805 2943 perfectam
828 2859 966 2925 tannae
981 2861 1219 2945 regularitatem
1240 2883 1306 2928 ser-

201 2980 319 3042 varent.
364 2977 464 3057 Quam
485 2996 558 3042 vero
583 2978 794 3060 exceptionem
815 2998 910 3059 quum
937 2978 1124 3045 crebriorem
1145 3000 1305 3047 occurrere

200 3116 294 3178 quarn
310 3099 345 3160 ut
359 3096 489 3161 fortuita
504 3116 571 3160 esse
594 3095 737 3160 videatur
761 3098 1005 3180 cognoverimus,
1031 3099 1107 3163 satis
1130 3099 1171 3164 sit
1193 3100 1305 3164 abnor-

200 3215 345 3280 mitatem
366 3216 439 3293 binc
461 3217 563 3279 ortam
585 3213 721 3278 breviter
744 3215 943 3300 significasse.

287 3333 433 3399 Ceterum
455 3333 487 3397 in
508 3332 681 3397 rationibus
711 3334 905 3417 singulorum
927 3318 1127 3401 numerorum
1149 3336 1246 3401 mirus
1274 3338 1306 3402 et
1350 3422 1352 3432 Ι

202 3453 384 3535 conspicuus
406 3470 574 3515 consensus
598 3452 871 3532 animadvertitur,
895 3455 1036 3536 quamvis
1057 3456 1124 3520 tam
1140 3456 1305 3551 ambiguae

201 3570 264 3634 sint
301 3568 533 3634 observationes
571 3571 603 3633 et
633 3571 700 3633 tam
735 3569 863 3651 exiguus
900 3573 1111 3655 exemplorum
1147 3592 1304 3637 numerus.

200 3686 331 3752 Numeri
353 3686 435 3750 enim
459 3686 673 3751 columnarum
696 3688 827 3752 eandem
849 3688 1002 3754 rationem
1024 3690 1106 3754 inter
1122 3709 1156 3755 se
1171 3690 1306 3755 offemnt

200 3824 294 3886 quam
327 3807 659 3880 lza:3:4:5;
695 3807 732 3869 ut
765 3806 868 3871 verbis
891 3798 1113 3889 exprimatur,
1159 3811 1305 3872 cunctum

199 3923 344 4005 ponderis
373 3922 594 3987 detrimentum
624 3923 741 3987 certam
773 3924 805 3986 et
827 3923 977 3988 directam
999 3925 1183 3992 relationem
1210 3927 1306 3991 babet

201 4058 272 4104 eum
316 4040 520 4107 diuturnitate
556 4042 658 4105 status
687 4040 884 4106 febriculeuti
916 4043 1160 4109 hebdomadum
1176 4063 1304 4109 numero

201 4176 345 4240 expressa
372 4161 464 4240 atque
494 4177 513 4221 a
539 4159 712 4223 mutatione
737 4160 821 4223 retro
857 4164 1047 4245 computata.
1107 4163 1304 4229 Correctione

200 4273 255 4340 illa
283 4297 375 4359 quam
410 4294 504 4358 supra
535 4277 776 4343 memoravimus
805 4278 838 4343 in
875 4279 984 4362 quinta
1013 4280 1091 4345 serie
1120 4280 1306 4346 horizontali

199 4391 399 4476 interposita,
422 4396 479 4459 hos
503 4395 566 4460 fere
588 4415 732 4491 numeros
755 4400 906 4479 tanquam
920 4398 1036 4463 ideales
1060 4400 1211 4483 suspicari
1231 4400 1307 4464 licet

1066 4522 1085 4581 2

1341 4058 1352 4087 ἱ

1333 4538 1546 4647 ⁴³*
1581 4598 1582 4679 l
