3172 5004
208 624 341 706 gradum
364 622 512 704 provecta
532 622 589 698 est,
614 621 824 713 temperatura
842 619 953 683 horum
975 619 1154 684 animalium
1176 622 1310 705 primum

208 742 322 819 minue,
347 740 455 804 deinde
472 739 572 821 magis
588 738 749 821 magisque
768 736 881 802 variari
903 738 1004 820 coepit
1019 739 1100 803 inter
1122 741 1310 805 matutinum

210 860 243 923 et
263 858 487 940 vespertinum
516 858 640 936 tempus
668 854 801 936 amplius
830 854 993 935 aliquoties
1022 857 1122 920 tribus
1153 858 1310 941 gradibus,

210 976 320 1040 Nonne
341 974 535 1040 considerata
555 974 614 1037 hac
635 972 755 1036 ratione
778 976 962 1054 magnarum
984 973 1015 1035 in
1039 976 1134 1056 typho
1154 976 1311 1041 remissio—

192 1097 284 1156 'num
312 1092 472 1174 perspicue
500 1090 748 1154 reminiscimur?
798 1089 889 1153 Hanc
922 1089 1156 1156 similitudinem
1184 1095 1311 1157 eatenus

211 1209 304 1273 etiam
332 1207 476 1290 persequi
510 1207 586 1271 licet
610 1206 692 1288 quod
725 1207 857 1287 utroque
891 1225 965 1270 casu
993 1211 1205 1290 temperatura
1231 1212 1312 1277 inter

210 1326 397 1390 variationes
418 1325 451 1389 in
469 1325 648 1389 universum
667 1323 835 1399 minuitur;
863 1325 896 1388 in
917 1324 1102 1389 animalibus
1134 1346 1207 1391 sane
1230 1328 1311 1392 fame

210 1441 412 1524 pereuntibus
433 1443 533 1525 magis
556 1441 717 1524 magisque
742 1440 824 1505 infra
845 1460 987 1507 normam
1009 1443 1174 1522 decrescit,
1206 1445 1239 1508 in
1261 1448 1312 1528 ty—

208 1559 315 1642 phosis
350 1560 390 1624 ad
423 1578 564 1624 normam
594 1559 720 1641 propius
746 1559 874 1625 accedit.
933 1563 1100 1627 Praeterea
1135 1563 1312 1628 ineuntibus

209 1678 333 1761 magnis
357 1677 589 1742 remissionibus
612 1677 711 1742 morbi
732 1678 867 1760 impetus
887 1678 1005 1743 fractus
1035 1680 1174 1757 videtur,
1205 1684 1236 1745 et
1264 1683 1312 1745 in-

210 1795 318 1859 testini
347 1796 553 1860 ulcerationes
589 1793 785 1877 purificatae,
823 1815 902 1878 quae
933 1816 1015 1861 nunc
1052 1799 1156 1862 sanari
1185 1802 1312 1881 coeptae

212 1914 298 1989 sunt,
325 1914 437 1979 miram
467 1931 579 1978 curvae
609 1914 758 1990 formam,
795 1933 857 1996 qua
883 1917 1096 1997 temperatura
1123 1917 1312 1998 exprimitur,

210 2031 296 2095 nullo
319 2032 411 2096 modo
434 2033 565 2113 possunt
590 2031 720 2095 efficere.
770 2032 911 2113 Denique
939 2033 971 2095 in
994 2033 1064 2097 aliis
1085 2051 1206 2115 quoque
1226 2054 1310 2098 mor-

210 2149 258 2213 bis
280 2148 442 2214 fabrilibus
461 2151 673 2231 temperatura
694 2147 836 2214 similiter
863 2150 1002 2214 variatur
1032 2150 1162 2214 simulac
1183 2153 1222 2216 ad
1246 2171 1313 2217 cer-

210 2266 279 2329 tum
300 2267 411 2330 maciei
429 2267 562 2351 gradum
584 2269 712 2332 ventum
738 2272 794 2333 est.
832 2267 891 2333 His
914 2269 1037 2350 quidem
1058 2269 1210 2350 reputatis
1229 2269 1313 2333 haud

212 2383 267 2447 abs
303 2403 336 2447 re
373 2384 528 2449 videbitur
561 2385 694 2449 formam
726 2404 838 2450 curvae
875 2404 1060 2469 magnarum
1096 2387 1311 2476 remissionum

211 2502 349 2583 ternpore
373 2503 412 2565 ab
431 2502 599 2566 inanitione
621 2503 683 2567 iam
706 2506 775 2568 orta
799 2505 948 2585 repetere.
1006 2503 1141 2581 verum,
1170 2508 1206 2569 ut
1227 2509 1311 2571 recte

210 2619 294 2699 quod·
313 2619 413 2683 sentio
431 2620 636 2703 intelligatur,
660 2621 783 2685 forma
805 2624 927 2686 tantum
949 2641 1134 2705 magnarum
1155 2625 1312 2688 remissio-

208 2755 285 2799 num
317 2737 356 2800 ad
386 2737 588 2802 inanitionem
618 2738 726 2803 referri
761 2741 866 2821 potest
895 2758 994 2821 neque
1024 2739 1108 2804 aliud
1142 2743 1310 2823 quidquam

211 2852 356 2936 analogia
377 2854 467 2919 docet
486 2855 546 2920 nisi
568 2858 828 2937 temperaturam,
852 2858 994 2939 graviore
1015 2857 1115 2923 macie
1137 2863 1220 2937 orta,
1249 2880 1311 2925 non

210 2970 413 3052 aequabiliter
436 2973 491 3038 sed
511 2974 706 3056 regularibus
729 2974 951 3041 variationibus
976 2975 1033 3039 sub
1060 2976 1160 3041 forma
1180 2997 1311 3061 magna-

209 3096 278 3151 rum
301 3089 518 3173 remissionum
539 3092 663 3156 mutari.
696 3090 784 3156 Haec
808 3092 834 3155 si
855 3094 997 3156 tenemus
1017 3095 1202 3159 concedetur
1222 3096 1312 3161 nobis

209 3223 316 3269 vcrum
333 3225 410 3283 esse,
433 3182 516 3288 quod
536 3208 629 3273 a‘ntea
650 3209 782 3275 diximus
805 3230 841 3274 ex
862 3210 1032 3276 inanitione
1053 3231 1184 3295 magnas
1200 3216 1310 3278 remis-

165 3353 169 3363 ·
209 3320 310 3387 siones
340 3322 459 3387 6161111.
506 3326 692 3392 Dolendum
718 3332 782 3407 est,
813 3333 997 3413 argumenta
1025 3331 1148 3409 deesse,
1179 3351 1309 3414 quorum

208 3456 265 3521 ope
293 3442 371 3506 haec
395 3444 551 3508 sententia
580 3447 755 3512 accuratius
783 3447 961 3529 explicetur.
1021 3450 1119 3530 Quem
1149 3453 1189 3516 ad
1216 3453 1309 3517 finem

107 3578 110 3583 ⁴
208 3560 280 3622 ante
309 3559 413 3623 omnia
439 3563 542 3626 metiri
569 3582 660 3645 posse
687 3583 813 3630 necesse
841 3569 940 3644 esset,
969 3571 1086 3648 quanta
1107 3571 1149 3634 sit
1168 3572 1307 3636 inanitio.

207 3676 274 3739 Iam
297 3695 333 3740 66
355 3698 501 3745 mensura
523 3681 609 3746 nullo
638 3681 699 3746 6116
725 3683 818 3748 modo
842 3685 946 3765 potest
972 3684 1057 3773 fierij,
1089 3687 1149 3751 nisi
1175 3688 1308 3754 relativa

206 3793 351 3873 ponderis
375 3797 540 3863 amissione
560 3800 632 3864 inde
654 3800 693 3863 ab
714 3799 893 3864 inanitionis
920 3802 1007 3866 initio
1037 3806 1070 3867 et
1094 3808 1168 3869 nota
1196 3808 1228 3870 et
1251 3826 1306 3871 no-

205 3912 282 3974 tata.
335 3912 497 3994 Quumque
524 3918 574 3981 hic
603 3916 723 3999 pondus
751 3919 887 3998 initiale,
920 3921 939 3984 i.
970 3939 996 3984 6.
1028 3923 1162 3988 hominis
1193 3924 1307 4008 integri

205 4029 343 4110 pondus,
372 4051 429 4095 nos
450 4031 564 4110 lateat,
602 4007 712 4117 sponte
740 4037 873 4101 efficitur
900 4038 999 4102 latere
1030 4040 1124 4113 etiam
1155 4046 1305 4123 quantum

204 4147 325 4227 pondus
344 4149 475 4212 relative
489 4150 668 4217 decreverit.
702 4153 818 4234 Quodsi
838 4159 976 4238 pateret,
998 4158 1131 4223 fortasse
1146 4165 1305 4226 momenta

203 4263 336 4328 inveniri
371 4270 513 4348 possent,
550 4270 662 4352 quibus
705 4275 860 4339 sententia
896 4275 1001 4356 paullo
1033 4279 1106 4341 ante
1143 4281 1305 4345 enuntiata

204 4380 436 4460 defenderetur;
465 4386 597 4450 forsitan
620 4392 797 4470 appareret,
819 4411 895 4456 num
918 4396 950 4457 61
970 4397 1122 4475 quomodo
1146 4418 1165 4462 6
1187 4399 1303 4480 ponde-
