3172 5004
294 398 335 462 10

378 588 505 652 Pondus
525 588 703 664 hominum,
732 587 786 669 qui
807 589 904 670 typho
930 589 1119 653 abdominali
1138 589 1319 672 aegrotant,
1344 608 1399 653 us·
1467 598 1552 727 Q

292 723 351 784 que
373 705 504 770 adeum
528 706 610 770 diem
631 704 778 770 continuo
799 704 995 781 diminuitur,
1021 725 1081 787 quo
1104 708 1136 769 11
1169 706 1291 787 vesperi
1318 707 1399 770 tern-

290 824 439 903 peratura
461 824 500 888 ad
520 842 663 888 normam
684 822 782 898 redit,
805 823 917 887 abhinc
939 822 1085 887 continuo
1105 824 1246 907 augetur.

380 940 452 1005 Non
476 941 582 1006 dubito
606 940 678 1022 quin
701 941 753 1005 hic
775 941 1019 1024 temperaturam
1043 940 1253 1022 vespertinam
1273 960 1399 1005 norma·

291 1055 354 1120 lem
384 1057 500 1122 factam
532 1058 626 1122 finem
651 1057 747 1122 febris
775 1058 900 1121 omnino
928 1057 1040 1121 dicam.
1098 1059 1168 1122 Duo
1195 1058 1269 1121 sunt
1299 1078 1399 1134 casus,

290 1193 361 1238 raro
391 1174 611 1250 obvenientes,
649 1195 668 1240 a
698 1174 788 1240 nobis
815 1173 987 1251 observati,
1025 1193 1158 1255 quorum
1188 1176 1401 1257 temperatura

291 1289 470 1370 vespertina
499 1292 656 1357 matutina
687 1292 789 1356 minor
819 1293 888 1355 erat
920 1292 952 1357 et
987 1292 1071 1374 prior
1104 1311 1248 1357 normam
1283 1291 1400 1375 attigit.

290 1407 412 1472 Horum
442 1427 569 1473 casuum
598 1409 631 1472 in
659 1410 719 1474 hac
746 1408 965 1472 dissertatione
994 1409 1075 1474 ratio
1106 1427 1168 1473 non
1203 1410 1312 1475 habita
1341 1411 1400 1473 est.

297 1524 443 1606 Corporis
465 1527 586 1609 pondus
609 1526 640 1589 in
662 1525 700 1589 iis
726 1525 913 1589 dimiuntum
935 1527 983 1590 111
1012 1545 1109 1607 usque
1140 1526 1180 1591 ad
1212 1527 1399 1592 matutinam

195 1676 202 1686 ·
291 1643 536 1724 temperaturam
567 1643 740 1708 normalem
766 1644 898 1721 factam,
936 1662 1036 1725 neque
1065 1618 1151 1726 prius
1179 1645 1306 1709 auctum
1343 1645 1401 1720 est,

291 1760 434 1840 quamvis
456 1760 591 1825 normali
612 1761 791 1843 vespertina
812 1763 1045 1844 temperatura,
1076 1780 1170 1843 quam
1190 1748 1285 1826 febris
1307 1761 1401 1843 plane

292 1879 473 1942 evanuerat.
519 1878 728 1965 Quamobrem
752 1879 797 1942 sic
817 1877 930 1943 melius
949 1877 1060 1961 regula
1078 1877 1136 1941 illa
1154 1878 1319 1943 statuitur:

377 1994 504 2059 Pondus
527 1996 703 2073 hominum,
734 1995 787 2077 qui
809 1995 905 2078 typho
930 1993 1120 2059 abdominali
1142 1996 1324 2078 aegrotant,
1347 2015 1401 2060 us-

291 2129 351 2190 que
380 2111 419 2174 11
451 2130 523 2177 eum
552 2113 634 2177 diem
657 2112 803 2178 continuo
834 2110 1033 2186 diminuitur,
1068 2129 1128 2193 quo
1163 2111 1299 2193 primum
1322 2112 1402 2177 febri

292 2229 385 2311 plane
406 2230 533 2297 liberati
555 2233 638 2295 sunt.

379 2347 471 2414 Ultro
502 2346 707 2430 intelligitur,
736 2367 832 2429 quum
864 2348 902 2411 de
930 2345 1123 2410 normalibus
1152 2345 1253 2411 solum
1279 2346 1402 2410 casibus

292 2463 344 2529 hio
365 2464 407 2529 sit
437 2478 540 2530 sermo
569 2465 688 2529 febrem
719 2465 816 2530 semel
839 2464 1024 2529 exstinctam
1053 2482 1212 2545 nunquam
1241 2464 1400 2529 rearsisse.

291 2581 354 2646 Ubi
386 2583 510 2648 reardet
532 2583 598 2647 sire
628 2580 763 2646 recidivo
785 2581 895 2646 morbo
922 2580 987 2647 sive
1011 2581 1081 2646 aliie
1103 2599 1120 2647 1
1141 2581 1260 2646 caussis
1289 2580 1401 2665 regula

290 2697 348 2763 illa
370 2718 432 2764 non
454 2698 549 2767 11111.

362 2815 494 2881 Nullum
523 2816 614 2882 oredo
635 2815 776 2887 ,inveniri
801 2814 854 2898 qui
882 2815 1021 2882 erebrius
1048 2816 1294 2898 temperaturam
1324 2816 1401 2881 velit
1428 2806 1435 2817 '

292 2933 396 2998 metiri
419 2954 513 3017 quam
536 2935 585 3000 bis
605 2954 661 3017 per
684 2934 783 3011 diem,
815 2935 853 2998 ut
874 2936 1038 3017 aegrotum
1069 2912 1162 3017 plane
1184 2932 1264 2997 febri
1284 2932 1400 2998 libera-

292 3053 360 3116 tum
383 3070 451 3116 esse
473 3055 557 3118 certe
581 3053 670 3118 sciat.
726 3051 815 3133 Quod
838 3051 952 3116 attinet
981 3051 1020 3115 ad
1051 3050 1222 3115 crebriores
1245 3053 1401 3134 tempera·

292 3170 382 3233 turae
409 3188 571 3235 mensuras
598 3169 729 3235 omissas
751 3170 820 3233 -hoc
854 3168 956 3232 solum
983 3168 1068 3244 dico,
1106 3187 1162 3233 nos
1194 3188 1256 3233 non
1286 3167 1401 3234 oblitos

293 3306 377 3363 esse,
408 3289 554 3371 aegrotos
580 3289 617 3352 ut
640 3287 826 3352 sanarentur
852 3285 884 3348 in
919 3286 1132 3350 nosocomium
1164 3286 1302 3361 venisse,
1339 3304 1399 3349 non

292 3405 328 3469 ut
349 3404 525 3472 metiendae
550 3406 780 3488 temperaturae
801 3401 966 3466 materiam
987 3403 1182 3484 praeberent.

379 3523 502 3607 Regula
532 3541 606 3587 vero
636 3522 692 3587 1111
722 3519 894 3586 constituta
930 3519 1014 3584 intra
1043 3519 1146 3585 morbi
1175 3519 1341 3583 decursum
1369 3521 1402 3582 et

293 3641 474 3706 continuam
500 3639 646 3721 ponderis
681 3641 818 3722 corporis
854 3639 1061 3705 mutationem
1096 3637 1248 3719 punctum
1277 3635 1402 3700 firmum

292 3758 495 3839 impetratum
515 3758 581 3832 est,
602 3775 638 3819 ex
659 3774 720 3838 quo
737 3776 882 3839 prorsum
900 3757 932 3822 et
949 3758 1120 3820 retrorsum
1142 3753 1285 3836 pondera
1295 3752 1402 3817 obser·

293 3876 367 3938 vata
387 3874 470 3939 inter
492 3893 525 3939 se
546 3875 678 3957 possunt
700 3874 883 3956 comparari.
928 3872 1019 3952 Quod
1040 3870 1164 3954 quidem
1184 3874 1312 3939 maximi
1334 3893 1402 3939 1111-

292 3991 391 4055 menti
410 4009 477 4055 esse
497 3992 638 4069 videtur,
670 3991 743 4073 quia
766 3990 918 4072 optimum
942 3989 1183 4071 comparationis
1211 3990 1336 4056 initium
1361 4028 1399 4038 -

293 4109 430 4190 corporis
459 4110 580 4191 pondus
606 4110 732 4192 integra
762 4108 864 4172 adhuc
888 4107 1067 4173 valetudine
1093 4144 1133 4152 —
1162 4106 1306 4190 ignotum
1338 4109 1402 4184 est;

294 4226 380 4309 quali
405 4229 513 4292 tamen
533 4226 623 4291 initio
644 4225 703 4290 hae
726 4225 947 4291 meditationes
971 4242 1077 4289 111111
1100 4242 1191 4306 posse
1209 4242 1272 4287 non
1295 4223 1403 4289 viden·
1465 4242 1466 4245 ’

291 4346 354 4409 111.
399 4344 509 4427 Itaque
531 4343 563 4408 in
586 4343 728 4428 sequenti
750 4361 892 4408 sermone
914 4361 1007 4408 verus
1029 4344 1204 4426 temporum
1219 4359 1403 4427 progressus
