3172 5004
1275 413 1316 477 27

216 604 298 685 quod
325 603 572 686 magnitudinem
603 603 869 667 decrementorum
889 588 1002 666 initiali
1025 603 1161 685 corporis
1183 603 1319 684 pondere

215 739 411 802 nequaquam
432 721 547 785 mutari
569 721 687 803 probet.
741 720 817 785 Inde
841 719 1087 784 concludendum
1118 722 1165 784 est
1188 721 1318 784 candem

216 837 412 901 decrescendi
434 837 538 920 legem
563 839 595 902 in
617 838 759 902 omnibus
790 839 911 902 casibus
936 837 1040 902 ualere
1064 838 1128 901 sive
1150 836 1318 902 levioribus
1407 886 1410 895 .

216 957 281 1020 eive
307 955 520 1038 gravioribus3
552 956 659 1020 eadem
694 955 791 1037 igitur
821 975 931 1020 caussa
962 955 1082 1019 cunctis
1108 954 1141 1017 in
1170 955 1318 1037 exemplis

217 1074 448 1137 decrementum
478 1074 580 1150 nasci,
609 1091 688 1155 quae
716 1074 934 1137 tantummodo
967 1074 1068 1156 magis
1097 1073 1188 1137 modo
1217 1074 1319 1137 minus

216 1193 278 1256 vim
300 1212 389 1256 suam
413 1192 563 1255 exerceat.
637 1230 642 1245 κ

302 1355 462 1434 Quaenam
483 1358 560 1421 haec
581 1376 691 1421 caussa
707 1356 754 1420 “sit
779 1356 947 1438 quaeritur.

300 1503 395 1567 Haud
423 1502 600 1568 dubitarem
625 1502 658 1567 in
687 1503 766 1568 febri
793 1523 862 1568 earn
891 1504 1027 1587 positam
1056 1522 1122 1569 esse
1153 1503 1318 1581 affirmare,

213 1621 274 1686 nisi
294 1621 345 1689 bic
366 1622 433 1686 fieri
454 1622 577 1702 posset,
599 1622 634 1684 ut
656 1621 812 1686 sententia
833 1641 903 1687 mea
924 1622 1006 1686 male
1027 1622 1263 1706 intelligeretur.
1277 1662 1318 1669 --

213 1739 338 1804 Etenim
360 1740 533 1821 quicunque
557 1737 668 1802 febrim
692 1738 736 1802 nil
758 1738 843 1803 aliud
866 1759 934 1805 esse
955 1739 1014 1803 nisi
1038 1742 1161 1805 auctam
1183 1741 1319 1822 corporis

216 1859 459 1939 temperaturam
481 1855 626 1937 supponit
650 1855 729 1921 illud
756 1857 900 1939 ponderis
930 1831 1160 1923 decrementum
1192 1878 1228 1923 ex
1257 1858 1320 1923 alia

216 1993 326 2039 caussa
354 1974 440 2038 nasci
471 1993 533 2038 non
555 1974 671 2055 poterit
698 1993 760 2039 non
788 1977 934 2041 statuere.
988 1977 1212 2057 Temperatura
1236 1976 1318 2040 enim

215 2094 309 2157 aucta
331 2111 386 2174 per
411 2110 443 2156 se
467 2092 602 2174 corporis
624 2094 745 2174 pondus
767 2113 962 2176 nequaquam
985 2094 1136 2158 minuitur
1156 2132 1199 2139 —-
1228 2095 1319 2158 aucta

216 2210 409 2274 substantiae
439 2209 576 2291 eorporis
603 2211 816 2276 combustione
842 2212 957 2293 partim
980 2213 1086 2294 utique
1108 2211 1229 2295 pondus
1251 2230 1319 2275 cor-

214 2328 297 2409 poris
319 2327 485 2402 minuitur,
516 2327 646 2408 partim,
675 2329 758 2393 sica
781 2329 955 2394 consumtio
985 2349 1021 2394 ex
1050 2330 1166 2395 acriore
1190 2329 1317 2393 combu-

214 2445 328 2520 stione,
366 2445 439 2508 dum
469 2444 581 2508 caloris
613 2445 735 2511 iactura
765 2448 874 2512 eadem
910 2449 1031 2523 manet,
1075 2448 1187 2523 oritur,
1225 2447 1317 2511 simul

212 2564 424 2644 temperatura
446 2564 586 2645 augetur.
632 2563 856 2630 Verumtamen
872 2565 987 2647 partim
1010 2546 1156 2629 sexceirta
1178 2563 1318 2646 exempla
1380 2582 1383 2587 ’

213 2684 286 2744 sunt
317 2679 461 2763 ponderis
496 2680 717 2758 decrescentia,
746 2684 958 2765 temperatura
987 2681 1185 2747 nullomodo
1209 2682 1318 2756 aueta;

212 2799 327 2880 partim
356 2798 432 2862 satis
460 2798 561 2862 multa
590 2798 652 2862 alia
673 2801 732 2864 etsi
759 2802 861 2864 minus
884 2801 1058 2882 frequentia
1087 2798 1228 2880 exempla
1249 2779 1317 2862 rna-
1392 2788 1395 2794 ¹
1478 2872 1481 2881 ,

214 2916 286 2981 rimi
305 2918 535 2998 temperaturae
557 2917 741 2981 incrementi
762 2937 819 2982 nec
847 2916 933 2981 brevi
955 2918 1094 2999 tempore
1115 2918 1317 2997 praetereun-

213 3034 269 3110 tis,
295 3034 430 3117 pondere
451 3034 632 3114 neutiquam
653 3035 784 3100 minuto.
828 3036 938 3117 Itaque
960 3054 999 3098 ne
1026 3035 1058 3099 in
1083 3035 1224 3100 omnibus
1248 3035 1316 3116 qui-

212 3153 282 3215 dem
304 3137 426 3215 casibus
448 3149 542 3214 simili
563 3149 695 3215 decursu
716 3153 901 3217 evolvuntur
922 3154 999 3217 baec
1014 3153 1074 3216 duo
1097 3155 1316 3236 symptomata,

212 3287 290 3349 quae
313 3269 406 3330 aucta
431 3267 623 3331 substantiae
646 3271 782 3351 corporis
814 3270 1026 3334 consumtione
1049 3272 1206 3348 oriuntur,
1235 3272 1315 3334 tem-

211 3387 359 3466 peretum
380 3403 491 3465 nempe
511 3387 604 3450 aucta
625 3389 657 3450 et
681 3388 801 3468 pondus
823 3389 987 3453 minutum.

299 3531 493 3614 Quamquam
516 3533 598 3615 quod
624 3534 657 3598 in
685 3535 864 3601 universum
895 3537 1077 3619 negavimus
1105 3540 1164 3602 hoc
1190 3538 1315 3619 quidem

210 3647 279 3712 lo'co
303 3649 429 3714 minime
450 3670 608 3734 negemus.
651 3652 791 3718 Primum
811 3655 893 3719 eninr
915 3655 1075 3737 perspicue
1099 3672 1135 3719 er
1157 3674 1210 3731 eo,
1232 3657 1315 3738 quod

210 3766 356 3845 ponderis
371 3769 504 3833 mutatio
528 3788 598 3834 curn
619 3770 804 3852 gravissima
822 3773 1051 3854 temperaturae
1072 3758 1314 3838 commutatione

211 3881 243 3944 in
265 3883 349 3948 idem
369 3885 492 3966 tempus
510 3887 637 3962 incidit,
658 3889 736 3951 baec
758 3889 816 3953 duo
838 3892 1050 3973 symptomata
1066 3891 1219 3955 artissime
1232 3892 1314 3957 inter

212 4018 245 4062 se
277 4002 440 4066 cohaerere
479 4004 718 4070 demonstratur.
778 4006 897 4071 Deinde
929 4008 1071 4072 omnibus
1097 4008 1129 4072 in
1166 4009 1314 4091 exemplis

212 4117 312 4180 acrior
335 4119 429 4183 febris
452 4120 545 4185 simut
567 4141 637 4186 oum
658 4122 775 4187 maiore
794 4124 938 4205 ponderis
959 4126 1154 4190 decremento
1177 4126 1208 4188 in
1224 4125 1312 4190 initio

210 4234 312 4311 morbi
335 4239 503 4320 reperitur,
529 4258 625 4320 quum
653 4241 870 4322 progrediente
892 4243 999 4311 morbo
1034 4262 1103 4307 curn
1131 4242 1252 4307 minuta
1280 4245 1313 4308 in

209 4352 388 4419 uniuersum
432 4357 660 4439 temperatura,
711 4356 942 4425 decrementum
996 4380 1117 4443 quoque
1167 4362 1312 4442 ponderis
