3172 5004
154 596 158 605 ’
209 575 349 638 dextram
383 573 559 639 decrescere
591 575 733 652 docetur,
783 595 882 657 neque
914 576 1016 640 minus
1052 574 1163 659 regula
1200 577 1312 657 quarta

208 693 341 776 simplici
365 693 489 757 tabulae
511 713 609 758 nonae
633 694 782 776 adspectu
801 694 914 776 prodit.

295 827 354 892 Sed
376 830 537 909 praeterea
561 827 639 892 alias
661 828 756 892 etiam
777 828 902 914 regulas
932 847 949 893 e
972 827 1081 892 tabula
1104 847 1186 892 nona
1213 828 1310 892 dedu-

208 965 276 1011 cere
298 944 381 1009 licet.

295 1066 326 1147 1)
348 1068 393 1130 llo
419 1064 519 1147 magis
542 1065 678 1146 corporis
691 1065 812 1147 pondus
835 1063 923 1130 initio
947 1064 1055 1129 stetim
1074 1064 1175 1129 morbi
1194 1065 1309 1128 minui·

207 1185 274 1259 tur,
295 1202 354 1265 quo
378 1182 493 1246 diutius
511 1183 613 1247 status
632 1182 751 1249 febrilis
772 1202 993 1267 permansurus
1016 1183 1073 1252 est.

293 1317 380 1381 Haec
403 1316 486 1381 eninr
507 1316 617 1400 regula
636 1316 707 1381 inde
728 1319 882 1399 sequitur,
905 1317 987 1401 quod
1006 1317 1124 1400 primae
1148 1317 1310 1381 columnae

208 1434 365 1499 verticalis
393 1436 514 1500 numeri
542 1436 686 1499 deorsum
718 1437 888 1519 augentur,
916 1438 1044 1519 excepta
1073 1437 1179 1500 temen
1200 1430 1311 1499 ultima

207 1554 285 1619 serie
316 1553 511 1618 horizontali.
572 1553 657 1632 Quae
687 1553 879 1618 abnormitas
905 1553 1006 1635 qualis
1033 1552 1074 1617 sit
1102 1555 1134 1617 et
1157 1555 1310 1635 quomodo

206 1672 355 1755 explicari
376 1671 476 1753 possit
496 1670 559 1735 iam
582 1670 814 1751 supradictum
837 1672 894 1735 est.
946 1669 1101 1754 Regulam
1127 1673 1310 1753 pronuntia-

206 1793 273 1854 tam
296 1790 489 1872 aliquantum
511 1790 543 1852 in
564 1787 712 1873 prcgnosi
734 1787 952 1852 constituenda
979 1787 1083 1853 valere
1105 1789 1230 1871 eiusque
1253 1810 1311 1872 ope

207 1909 345 1990 eprimo
368 1907 513 1990 ponderis
538 1905 743 1981 detrimento,
767 1906 849 1991 quod
870 1907 1068 1970 observatum
1092 1907 1148 1984 sit,
1175 1909 1213 1973 de
1236 1929 1310 1993 gra-

206 2025 304 2090 vitate
328 2045 418 2090 casus
439 2026 470 2088 et
491 2023 639 2106 quamdiu
654 2024 739 2088 febre
762 2024 959 2089 laboraturus
976 2024 1017 2087 sit
1035 2044 1126 2107 posse
1149 2025 1311 2091 diiudicari

206 2144 275 2224 quis
298 2144 419 2225 estqui
441 2164 502 2208 non
524 2144 650 2209 videat?

295 2277 327 2358 2)
357 2280 474 2343 Eadem
503 2279 603 2344 morbi
637 2278 761 2360 periodo
799 2295 834 2339 eo
869 2276 970 2340 maius
1008 2279 1056 2341 est
1090 2277 1311 2343 detrimentum

209 2396 354 2477 ponderis
390 2416 449 2478 quo
494 2397 619 2479 gravior
655 2396 704 2460 est
743 2413 834 2458 casus
868 2394 933 2458 sive
968 2412 1028 2474 quo
1066 2394 1181 2460 diutius
1218 2398 1313 2462 febris

210 2514 307 2578 adest.
332 2603 335 2608 ν

296 2650 382 2712 Haec
411 2648 520 2731 regula
547 2648 618 2712 inde
647 2648 780 2712 efficitur
818 2648 901 2729 quod
929 2649 1050 2713 numeri
1078 2644 1225 2731 cuiusque
1260 2671 1312 2715 co-

208 2767 334 2832 lumnae
356 2765 514 2829 verticalis
537 2765 681 2830 deorsum
704 2767 866 2850 augentur.
925 2767 1037 2833 Altera
1065 2767 1175 2849 regula
1194 2767 1226 2830 in
1251 2769 1312 2833 ista

210 2883 392 2948 includitur:
430 2883 608 2973 uniuersum
637 2903 758 2966 queque
796 2884 1027 2949 decrementum
1055 2884 1127 2949 inde
1154 2885 1193 2949 ab
1222 2885 1310 2951 initio

211 3002 310 3065 morbi
332 3003 493 3083 acceptum
517 3008 552 3066 eb
575 3001 676 3065 maius
698 3020 847 3083 essequo
871 3002 997 3084 gravior
1018 3021 1109 3066 casus
1128 3002 1170 3066 sit
1191 3022 1312 3085 quoque

210 3119 325 3184 diutius
348 3121 546 3201 producatur.

296 3255 408 3318 Restat
437 3252 568 3334 denique
595 3254 631 3316 ut
660 3253 795 3318 breviter
823 3254 960 3336 pondera
981 3253 1115 3319 initialia
1137 3257 1316 3322 considere-s

210 3392 297 3447 mus,
327 3391 366 3436 ne
390 3371 458 3453 quis
480 3371 657 3435 discrimina
677 3373 943 3436 decrementorum
975 3391 1011 3436 ex
1034 3373 1213 3439 diversitate
1234 3395 1312 3457 pcn-

211 3490 291 3553 deris
323 3508 429 3554 eorum
450 3508 613 3571 corporum
634 3509 712 3571 quae
742 3489 935 3553 decreverint
963 3491 1037 3554 nata
1067 3509 1135 3555 esse
1161 3493 1312 3574 opinetur.

210 3609 353 3673 Pondere
373 3606 506 3672 initialia
528 3606 638 3671 mediis
661 3607 796 3672 numeris
817 3609 894 3671 haec
917 3610 990 3671 sunt

384 3755 505 3821 Tabula
526 3757 563 3820 X.

691 3881 785 3952 eron

672 4000 786 4069 101,th

672 4118 785 4187 103,39

670 4235 784 4306 mace

562 4420 564 4423 a
672 4353 796 4424 moer.
