3172 5004
348 616 393 679 111
415 615 526 680 habitu
549 615 695 679 stercoris
721 615 831 681 111111
863 617 901 680 11
920 617 1021 680 morbi
1052 635 1220 698 progressu
1241 614 1373 678 iudicari

260 751 351 814 pesse
374 732 508 796 videtur.
552 732 698 814 Inprimis
721 733 841 797 stercus
862 733 987 797 firmum
1008 734 1108 798 morbi
1132 734 1268 797 stadium
1291 732 1371 796 indi-

262 853 331 926 cat,
360 869 460 931 oque
490 848 583 912 facile
604 848 738 914 mutatio
760 850 864 932 aliqua
887 851 1032 916 diminuti
1061 851 1198 933 corporis
1226 849 1372 937 penderis

261 967 334 1031 oriri
356 968 470 1048 potest.
513 968 596 1031 Nam
618 967 740 1031 nullum
764 968 861 1050 alium
881 969 1006 1052 signum
1035 970 1209 1033 1111111011
1238 969 1276 1032 ab
1304 969 1372 1049 ipso

261 1084 379 1147 canalis
405 1083 597 1147 intestinalis
627 1084 713 1148 111111
745 1085 873 1165 pendet,
909 1104 951 1150 ox
978 1104 1039 1167 quo
1067 1086 1164 1167 ipsius
1192 1086 1373 1150 nutritionis

260 1200 446 1265 universalis
468 1202 571 1264 status
593 1200 738 1265 exoritur.
781 1201 886 1283 Atque
910 1201 1018 1267 eadem
1040 1202 1077 1266 11
1099 1222 1210 1267 caussa
1238 1204 1373 1285 purgata

264 1319 357 1399 atque
393 1336 500 1382 rursus
537 1316 717 1381 humefacta
749 1319 858 1402 lingua
897 1319 1091 1401 respicienda
1129 1320 1204 1396 fuit,
1248 1319 1372 1402 signum

261 1435 426 1498 restitutae
449 1434 603 1499 stomachi
618 1436 844 1514 consectionis,
867 1442 966 1518 neque
980 1437 1085 1500 miuus
1110 1436 1172 1501 cibi
1193 1436 1373 1518 appetentia

259 1551 393 1616 redeuns
420 1554 514 1633 atque
545 1552 645 1615 fames
669 1554 785 1619 exorta.
829 1553 933 1637 Magis
963 1555 1002 1618 ab
1028 1557 1142 1619 natura
1167 1556 1261 1636 atquo
1286 1554 1372 1618 statu

261 1668 422 1752 sanguinis
443 1668 529 1745 aliud
552 1668 676 1752 signum
698 1669 870 1764 pendet—
886 1670 1009 1735 roseola
1025 1671 1154 1735 11111111.
1197 1669 1372 1752 Epidermis

262 1786 344 1850 enim
363 1785 560 1851 exactissime
581 1804 689 1850 omnes
711 1786 871 1870 sanguinis
895 1787 1096 1852 alterationes
1110 1787 1229 1851 indicat
1245 1814 1280 1832 -·-
1301 1786 1372 1851 vido

245 1902 448 1986 syphilides,
475 1904 707 1968 vexanthemata
739 1906 847 1981 acuta,
879 1904 1122 1968 efflorescentias
1152 1924 1231 1986 quae
1260 1923 1372 1986 prove-

261 2021 352 2084 niunt
382 2021 476 2085 certis
509 2020 638 2084 venenis
671 2021 879 2102 incorporatis
911 2057 950 2067 -
988 2024 1020 2085 et
1047 2041 1236 2103 quamquam
1274 2040 1372 2104 nuper

263 2139 368 2201 essent
390 2136 443 2218 qui
465 2154 572 2201 omnes
595 2137 661 2201 eius
682 2138 808 2202 morbos
830 2137 948 2202 locales
971 2155 1039 2201 esse
1055 2138 1295 2214 contenderent,
1321 2140 1372 2202 ta-

261 2274 333 2318 men
354 2254 422 2318 iure
445 2254 580 2335 quedam
603 2253 859 2331 subtilissimum,
882 2255 918 2317 ut
940 2273 997 2319 nos
1019 2254 1160 2330 dicimus,
1183 2274 1316 2338 reagens
1338 2257 1371 2321 in

261 2371 422 2455 sangoinis
444 2370 646 2436 alterationes
672 2371 777 2435 vocari
799 2371 912 2452 potest.
963 2372 1073 2451 Itaque
1094 2372 1227 2453 typhosa
1249 2391 1371 2454 quoquo

260 2488 383 2567 reseela
406 2487 565 2571 sanguinis
588 2488 723 2571 correpti
747 2488 871 2570 signum
892 2487 1017 2552 videtur
1047 2490 1078 2553 et
1108 2488 1370 2570 quemadmodum

258 2607 374 2670 referat
396 2606 436 2670 ad
458 2606 579 2689 pondus
602 2604 740 2688 eorporis
759 2603 977 2685 inquirendum
994 2607 1070 2670 erat.
1115 2606 1273 2671 Memoros
1288 2606 1370 2671 mul-

260 2722 300 2786 tis
324 2724 356 2786 et
378 2722 494 2788 crebris
517 2722 636 2788 cerebri
658 2723 691 2787 et
713 2741 879 2786 nervorum
900 2722 1017 2786 morbis
1046 2723 1111 2786 vim
1131 2723 1288 2804 quandam
1318 2743 1370 2806 sy-

260 2841 402 2904 stematis
418 2841 542 2906 nervosi
564 2841 598 2904 in
613 2841 732 2904 statum
749 2837 929 2903 nutritionis
951 2839 1089 2921 corperis
1105 2839 1313 2904 demonstrari
1328 2877 1369 2887 -

260 2978 354 3041 quam
372 2960 409 3022 ut
437 2958 625 3040 explicemus
651 2957 810 3039 trephices
831 2974 944 3022 nervos
966 2955 1131 3021 admittere
1160 2976 1223 3020 non
1243 2976 1370 3024 neeesse

261 3077 309 3140 111
340 3111 377 3120 -
410 3075 553 3139 habitum
586 3075 715 3139 senserii
745 3074 841 3138 1111111
869 3074 902 3137 11
923 3072 1161 3137 meditationem
1190 3074 1370 3138 vocavimus

261 3194 293 3256 et
313 3191 486 3256 sensorium
509 3190 627 3255 clarum
648 3190 806 3254 redditum
824 3190 962 3254 stadium
977 3191 1078 3255 morbi
1097 3191 1370 3272 proclamavimus.

259 3309 399 3391 Denique
421 3307 524 3371 diaeta
546 3306 646 3388 adque
668 3307 875 3372 medicamina
896 3307 1090 3389 respiciendo
1105 3308 1241 3372 luerunt.
1280 3308 1370 3387 Quod

260 3426 300 3489 11
316 3423 579 3488 medicamina-in
602 3424 696 3508 longe
716 3425 859 3507 plurimis
883 3424 1006 3489 casibus
1029 3424 1150 3488 nullam
1165 3425 1229 3489 vim
1250 3426 1370 3490 habue-

259 3543 349 3619 runt,
381 3540 454 3623 quia
475 3541 617 3623 therapio
639 3542 821 3624 plerumque
845 3542 1057 3624 exspectativa
1078 3542 1148 3606 fuit.
1192 3542 1369 3607 (111111111-

259 3679 316 3724 nos
339 3658 423 3724 dosis
444 3657 571 3723 ineunte
586 3660 704 3737 morbo,
725 3659 853 3741 paulum
870 3658 950 3723 acidi
966 3659 1122 3723 muriatici
1142 3659 1370 3741 progrediente,

259 3779 331 3858 pest
353 3776 481 3860 exiguae
503 3776 593 3841 deses
616 3777 742 3854 chinini,
766 3777 960 3842 bronchitide
984 3776 1369 3859 graviore-ipecaouanha,

260 3894 414 3975 clysmate
437 3894 473 3957 ut
497 3895 585 3959 alvus
602 3898 797 3960 moveretur:
820 3896 899 3958 haec
920 3894 984 3958 fere
1007 3896 1105 3968 erant,
1128 3912 1206 3974 quae
1229 3893 1370 3976 porrige-

260 4010 374 4074 bantur
403 4010 436 4074 in
467 4011 590 4076 casibus
618 4012 819 4076 normalibus.
876 4012 1108 4093 Nonnunquam
1138 4013 1173 4075 ut
1204 4009 1372 4074 immodica

259 4128 353 4192 111111
376 4128 609 4206 diminueretur,
632 4148 765 4212 magnae
789 4127 905 4192 chinini
929 4129 1019 4193 deses
1042 4129 1200 4193 adhibitae
1218 4129 1299 4204 sunt,
1322 4127 1370 4191 bis

260 4244 354 4309 etiam
377 4245 490 4310 balnea
524 4247 618 4327 atque
641 4245 851 4311 involutiones
880 4246 1022 4330 frigidae.
1075 4246 1243 4326 Nunquam
1265 4245 1372 4309 autem
1451 4240 1453 4244 ’

260 4361 425 4427 medicatio
453 4362 516 4428 vim
546 4361 693 4427 habuisse
722 4362 790 4427 visa
819 4363 922 4427 estin
947 4362 1084 4446 eorporis
1106 4362 1228 4445 pondus
1258 4360 1371 4445 quippe
