3172 5004
307 386 434 453 161

304 574 510 640 normitatum
533 570 686 635 rationem
716 571 890 637 ciortuitis
920 573 1039 638 caussis
1070 575 1221 656 repetere.
1282 574 1415 639 Verum·

306 695 413 757 tamen
441 689 636 753 intuentibus
662 688 751 753 nobis
781 689 921 772 singulos
950 710 1057 766 casus,
1086 690 1198 771 quibus
1227 693 1414 774 computatis

305 811 424 875 medios
446 808 681 871 illos-numeros
705 825 811 870 sumus
828 808 978 885 assecuti,
1000 808 1033 870 in
1047 808 1184 872 maxima
1199 828 1306 874 eorum
1325 811 1414 890 parte

307 928 438 992 eandem
467 923 710 988 abnormitatem
740 924 849 988 adosse
883 925 994 1006 patefit
1023 927 1055 988 et
1083 925 1116 988 in
1142 925 1180 988 iis
1207 926 1413 1006 potissimum,

305 1045 358 1127 qui
380 1041 559 1123 ceteroquin
579 1040 713 1105 maxime
732 1041 860 1125 regulae
883 1042 1037 1106 rationem
1067 1045 1246 1122 sequuntur.
1298 1045 1413 1109 Omnes

304 1162 397 1229 huius
413 1158 535 1242 generis
551 1177 643 1222 casus
659 1158 763 1235 tertia,
786 1161 899 1240 quarta
914 1158 965 1223 vel
981 1143 1091 1240 quinta
1105 1160 1300 1225 hebdomade
1315 1162 1413 1225 totius

304 1278 407 1343 morbi
427 1277 505 1341 mire
522 1276 669 1358 exiguum
683 1275 829 1357 ponderis
846 1275 1077 1340 decrementum
1095 1278 1245 1354 offerunt,
1268 1279 1413 1359 deinceps

304 1413 402 1476 usque
426 1393 465 1457 ad
486 1392 693 1457 mutationem
716 1392 853 1456 vicissim
876 1412 1027 1458 crescens.
1073 1395 1159 1473 Quae
1182 1414 1231 1460 res
1252 1416 1326 1459 num
1342 1415 1412 1460 cum

304 1512 450 1576 universa
478 1510 579 1574 morbi
607 1510 783 1574 evolutione
817 1512 849 1574 et
877 1529 1045 1594 progressu
1082 1514 1247 1576 cohaereat
1274 1515 1305 1576 et
1334 1533 1412 1595 quo-

304 1628 396 1692 modo
415 1627 592 1723 nihil-certi
615 1627 769 1709 explorari
790 1645 891 1708 neque
914 1627 1065 1692 affirmari
1085 1629 1198 1710 potuit.

243 1897 245 1900 Α
390 1813 441 1877 Ad
466 1815 498 1894 4)
521 1808 612 1876 Hanc
635 1813 675 1877 ad
697 1811 839 1896 regulam
860 1811 1034 1876 evidentius
1048 1812 1269 1879 illustrandam
1288 1816 1412 1898 expedit

302 1932 445 1996 tabulam
471 1930 598 1993 tertiam
629 1929 794 2006 conficere,
823 1929 857 1992 in
885 1948 946 2010 qua
976 1948 1116 1994 summae
1144 1931 1411 1996 decrementorum

303 2047 448 2130 ponderis
473 2046 545 2111 inde
572 2046 612 2110 ab
642 2046 731 2124 initio
760 2045 987 2111 observationis
1014 2048 1175 2128 usquead
1204 2051 1321 2125 certam
1352 2048 1411 2112 aii-

302 2184 396 2247 quam
418 2165 490 2228 ante
512 2164 717 2228 mutationem
738 2163 966 2227 hebdomadem
987 2163 1075 2228 iuxta
1089 2168 1254 2247 ponantur.
1286 2166 1412 2230 Scilicet

302 2283 461 2349 ordinibus
489 2280 734 2359 horizontalibus
757 2281 875 2362 pariter
895 2256 930 2345 ut
955 2301 1049 2362 supra
1077 2270 1167 2347 casus
1196 2283 1411 2364 comprehensi

302 2400 435 2466 suntad
465 2399 546 2462 idem
578 2416 676 2480 genus
702 2398 893 2479 pertinentes
919 2399 1015 2487 (quod
1044 2400 1169 2480 quidem
1200 2419 1299 2481 genus
1327 2402 1410 2463 tem·

300 2537 375 2601 pore
402 2515 584 2580 mutationis
615 2510 789 2594 definitur),
823 2516 932 2579 contra
962 2515 994 2579 in
1026 2516 1226 2581 verticatibus
1261 2515 1414 2580 columnis

301 2653 442 2699 summae
466 2633 735 2697 decrementorum
765 2630 966 2696 inveniuntur
988 2654 1067 2716 quae
1090 2634 1178 2698 varia
1205 2652 1333 2697 casuum
1357 2652 1413 2715 ge-

300 2772 377 2817 nera
401 2770 499 2833 usquc
523 2750 563 2814 ad
585 2749 703 2812 certam
730 2749 802 2813 ante
824 2750 1031 2814 mutationem
1052 2751 1279 2815 hebdomadem
1309 2750 1413 2814 subie-

301 2871 384 2934 runt.
443 2869 553 2949 Itaque
587 2866 722 2931 secundo
752 2883 882 2929 numero
922 2867 1052 2947 quartae
1090 2866 1180 2930 sorici
1210 2866 1413 2931 horizontalis

301 2985 533 3050 decrementum
549 2983 728 3060 exhibetur,
758 2981 840 3064 quod
864 3001 971 3058 casus,
999 2983 1031 3046 in
1049 2984 1161 3065 quibus
1184 2985 1294 3066 quinta
1310 2985 1411 3048 morbi

300 3101 493 3167 hebdomade
510 3100 644 3165 mutatio
666 3100 788 3187 incidit,
813 3100 852 3163 ab
874 3099 962 3163 initio
986 3100 1213 3165 observationis
1227 3102 1275 3165 ad
1300 3120 1412 3166 sccun-

302 3221 374 3285 dam
404 3220 477 3283 ante
513 3218 720 3282 mutationem
748 3217 976 3282 hebdomadem
1009 3218 1130 3281 finitam
1167 3218 1199 3281 in
1231 3219 1411 3283 universum

300 3337 385 3420 passi
407 3337 489 3401 sunt.

453 3533 574 3598 Tabula
597 3535 645 3598 III

495 3695 567 3768 aar

497 3854 570 3926 aco
616 3822 620 3827 ⁴
678 3852 750 3924 aaa
785 3833 790 3840 ’

477 4010 602 4079 13,ο4’
659 4009 750 4079 roso
863 4008 933 4079 aaa

430 4164 568 4235 ‘rurs
659 4163 750 4235 mas
842 4164 934 4233 raon
1024 4163 1093 4231 aaa

478 4320 569 4390 raso
661 4312 753 4394 racc
844 4321 936 4392 rosa
1025 4320 1098 4390 arc
1185 4316 1268 4387 aar.
1329 4262 1332 4269 ⁵
