<?xml version="1.0" encoding="UTF-8"?>
<!DOCTYPE html PUBLIC "-//W3C//DTD XHTML 1.0 Transitional//EN"
    "http://www.w3.org/TR/xhtml1/DTD/xhtml1-transitional.dtd">
<html xmlns="http://www.w3.org/1999/xhtml" xml:lang="en" lang="en">
 <head>
  <title>
</title>
<meta http-equiv="Content-Type" content="text/html;charset=utf-8" />
  <meta name='ocr-system' content='tesseract 3.04.00' />
  <meta name='ocr-capabilities' content='ocr_page ocr_carea ocr_par ocr_line ocrx_word'/>
</head>
<body>
  <div class='ocr_page' id='page_1' title='image "./decorporisponde00eichgoog_0039.png"; bbox 0 0 3172 5004; ppageno 0'>
   <div class='ocr_carea' id='block_1_1' title="bbox 283 600 1387 1040">
    <p class='ocr_par' dir='ltr' id='par_1_1' title="bbox 283 600 1387 1040">
     <span class='ocr_line' id='line_1_1' title="bbox 284 600 1386 685; baseline 0.003 -19"><span class='ocrx_word' id='word_1_1' title='bbox 284 600 921 685; x_wconf 73' lang='lat' dir='ltr'><strong>risdecremeutireiativimagnimdiue</strong></span> <span class='ocrx_word' id='word_1_2' title='bbox 947 606 1073 685; x_wconf 86' lang='lat' dir='ltr'><strong>tempus</strong></span> <span class='ocrx_word' id='word_1_3' title='bbox 1099 605 1386 669; x_wconf 81' lang='lat' dir='ltr'><strong>etrationasceun-</strong></span> 
     </span>
     <span class='ocr_line' id='line_1_2' title="bbox 283 720 1385 802; baseline 0.001 -18"><span class='ocrx_word' id='word_1_4' title='bbox 283 720 1013 802; x_wconf 82' lang='lat' dir='ltr'><strong>tiummagnarumrennissionumpendereut;</strong></span> <span class='ocrx_word' id='word_1_5' title='bbox 1038 722 1385 786; x_wconf 83' lang='lat' dir='ltr'><strong>furnitanoruilieeret</strong></span> 
     </span>
     <span class='ocr_line' id='line_1_3' title="bbox 284 838 1386 921; baseline 0.001 -19"><span class='ocrx_word' id='word_1_6' title='bbox 284 858 360 902; x_wconf 91' lang='lat' dir='ltr'><strong>nmn</strong></span> <span class='ocrx_word' id='word_1_7' title='bbox 389 838 573 921; x_wconf 76' lang='lat' dir='ltr'><strong>magnitudo</strong></span> <span class='ocrx_word' id='word_1_8' title='bbox 592 838 719 902; x_wconf 81' lang='lat' dir='ltr'><strong>relativi</strong></span> <span class='ocrx_word' id='word_1_9' title='bbox 742 840 776 903; x_wconf 88' lang='lat' dir='ltr'><strong>in</strong></span> <span class='ocrx_word' id='word_1_10' title='bbox 796 840 909 903; x_wconf 82' lang='lat' dir='ltr'><strong>larum</strong></span> <span class='ocrx_word' id='word_1_11' title='bbox 929 840 1146 903; x_wconf 69' lang='lat' dir='ltr'><strong>remissionum</strong></span> <span class='ocrx_word' id='word_1_12' title='bbox 1167 840 1257 903; x_wconf 91' lang='lat' dir='ltr'><strong>initio</strong></span> <span class='ocrx_word' id='word_1_13' title='bbox 1279 840 1386 903; x_wconf 88' lang='lat' dir='ltr'><strong>decre-</strong></span> 
     </span>
     <span class='ocr_line' id='line_1_4' title="bbox 284 955 1387 1040; baseline 0 -19"><span class='ocrx_word' id='word_1_14' title='bbox 284 957 384 1021; x_wconf 90' lang='lat' dir='ltr'><strong>menti</strong></span> <span class='ocrx_word' id='word_1_15' title='bbox 420 976 492 1021; x_wconf 86' lang='lat' dir='ltr'><strong>cum</strong></span> <span class='ocrx_word' id='word_1_16' title='bbox 533 955 660 1020; x_wconf 81' lang='lat' dir='ltr'><strong>relativi</strong></span> <span class='ocrx_word' id='word_1_17' title='bbox 699 956 890 1020; x_wconf 74' lang='lat' dir='ltr'>decrementi</span> <span class='ocrx_word' id='word_1_18' title='bbox 931 958 1149 1039; x_wconf 72' lang='lat' dir='ltr'><strong>magnitudine</strong></span> <span class='ocrx_word' id='word_1_19' title='bbox 1192 962 1387 1040; x_wconf 73' lang='lat' dir='ltr'><strong>congrueret,</strong></span> 
     </span>
    </p>
   </div>
   <div class='ocr_carea' id='block_1_2' title="bbox 284 1072 1514 1157">
    <p class='ocr_par' dir='ltr' id='par_1_2' title="bbox 284 1072 1514 1157">
     <span class='ocr_line' id='line_1_5' title="bbox 284 1072 1514 1157; baseline 0 -18"><span class='ocrx_word' id='word_1_20' title='bbox 284 1074 367 1156; x_wconf 92' lang='lat' dir='ltr'><strong>quod</strong></span> <span class='ocrx_word' id='word_1_21' title='bbox 393 1072 581 1138; x_wconf 73' lang='lat' dir='ltr'><strong>animalibus</strong></span> <span class='ocrx_word' id='word_1_22' title='bbox 610 1074 817 1138; x_wconf 67' lang='lat' dir='ltr'><strong>mennam</strong></span> <span class='ocrx_word' id='word_1_23' title='bbox 844 1075 1081 1156; x_wconf 77' lang='lat' dir='ltr'><strong>perpetiendum</strong></span> <span class='ocrx_word' id='word_1_24' title='bbox 1106 1075 1183 1143; x_wconf 77' lang='lat' dir='ltr'><strong>fuit.</strong></span> <span class='ocrx_word' id='word_1_25' title='bbox 1219 1078 1388 1157; x_wconf 87' lang='lat' dir='ltr'><strong>antequam</strong></span> <span class='ocrx_word' id='word_1_26' title='bbox 1508 1138 1514 1147; x_wconf 78' lang='grc'>,</span> 
     </span>
    </p>
   </div>
   <div class='ocr_carea' id='block_1_3' title="bbox 283 1192 1389 1731">
    <p class='ocr_par' dir='ltr' id='par_1_3' title="bbox 283 1192 1389 1731">
     <span class='ocr_line' id='line_1_6' title="bbox 284 1192 1389 1276; baseline -0.001 -20"><span class='ocrx_word' id='word_1_27' title='bbox 284 1211 419 1276; x_wconf 84' lang='lat' dir='ltr'><strong>magnae</strong></span> <span class='ocrx_word' id='word_1_28' title='bbox 438 1194 670 1273; x_wconf 82' lang='lat' dir='ltr'><strong>temperaturae</strong></span> <span class='ocrx_word' id='word_1_29' title='bbox 691 1192 890 1256; x_wconf 75' lang='lat' dir='ltr'><strong>remissiones</strong></span> <span class='ocrx_word' id='word_1_30' title='bbox 911 1193 1133 1269; x_wconf 75' lang='lat' dir='ltr'><strong>observantur,</strong></span> <span class='ocrx_word' id='word_1_31' title='bbox 1161 1194 1195 1256; x_wconf 88' lang='lat' dir='ltr'><strong>id</strong></span> <span class='ocrx_word' id='word_1_32' title='bbox 1216 1192 1299 1274; x_wconf 90' lang='lat' dir='ltr'><strong>quod</strong></span> <span class='ocrx_word' id='word_1_33' title='bbox 1319 1192 1389 1274; x_wconf 91' lang='lat' dir='ltr'><strong>ple-</strong></span> 
     </span>
     <span class='ocr_line' id='line_1_7' title="bbox 283 1308 1387 1393; baseline -0.001 -18"><span class='ocrx_word' id='word_1_34' title='bbox 283 1330 415 1393; x_wconf 88' lang='lat' dir='ltr'><strong>rumque</strong></span> <span class='ocrx_word' id='word_1_35' title='bbox 438 1312 551 1391; x_wconf 83' lang='lat' dir='ltr'><strong>quarto</strong></span> <span class='ocrx_word' id='word_1_36' title='bbox 570 1309 623 1372; x_wconf 88' lang='lat' dir='ltr'><strong>rel</strong></span> <span class='ocrx_word' id='word_1_37' title='bbox 644 1308 753 1390; x_wconf 90' lang='lat' dir='ltr'><strong>quinto</strong></span> <span class='ocrx_word' id='word_1_38' title='bbox 768 1311 926 1392; x_wconf 76' lang='lat' dir='ltr'><strong>perfectae</strong></span> <span class='ocrx_word' id='word_1_39' title='bbox 941 1310 1161 1374; x_wconf 78' lang='lat' dir='ltr'><strong>alimentorum</strong></span> <span class='ocrx_word' id='word_1_40' title='bbox 1181 1311 1387 1375; x_wconf 86' lang='lat' dir='ltr'><strong>abstinentiae</strong></span> 
     </span>
     <span class='ocr_line' id='line_1_8' title="bbox 284 1424 1387 1512; baseline -0.002 -18"><span class='ocrx_word' id='word_1_41' title='bbox 284 1429 335 1494; x_wconf 91' lang='lat' dir='ltr'><strong>die</strong></span> <span class='ocrx_word' id='word_1_42' title='bbox 362 1429 503 1494; x_wconf 72' lang='lat' dir='ltr'><strong>neddere</strong></span> <span class='ocrx_word' id='word_1_43' title='bbox 529 1425 619 1491; x_wconf 83' lang='lat' dir='ltr'><strong>solet</strong></span> <span class='ocrx_word' id='word_1_44' title='bbox 661 1424 779 1504; x_wconf 80' lang='lat' dir='ltr'><strong>Quodsi</strong></span> <span class='ocrx_word' id='word_1_45' title='bbox 807 1428 853 1491; x_wconf 87' lang='lat' dir='ltr'><strong>ita</strong></span> <span class='ocrx_word' id='word_1_46' title='bbox 881 1430 983 1503; x_wconf 88' lang='lat' dir='ltr'><strong>esset,</strong></span> <span class='ocrx_word' id='word_1_47' title='bbox 1009 1429 1127 1510; x_wconf 91' lang='lat' dir='ltr'><strong>optimo</strong></span> <span class='ocrx_word' id='word_1_48' title='bbox 1148 1429 1180 1491; x_wconf 91' lang='lat' dir='ltr'><strong>id</strong></span> <span class='ocrx_word' id='word_1_49' title='bbox 1203 1432 1387 1512; x_wconf 80' lang='lat' dir='ltr'><strong>argumento</strong></span> 
     </span>
     <span class='ocr_line' id='line_1_9' title="bbox 286 1544 1386 1628; baseline -0.003 -16"><span class='ocrx_word' id='word_1_50' title='bbox 286 1550 385 1625; x_wconf 83' lang='lat' dir='ltr'><strong>esset,</strong></span> <span class='ocrx_word' id='word_1_51' title='bbox 413 1549 578 1612; x_wconf 89' lang='lat' dir='ltr'><strong>sententiis</strong></span> <span class='ocrx_word' id='word_1_52' title='bbox 604 1548 698 1611; x_wconf 91' lang='lat' dir='ltr'><strong>modo</strong></span> <span class='ocrx_word' id='word_1_53' title='bbox 719 1544 882 1627; x_wconf 72' lang='lat' dir='ltr'><strong>erudientis</strong></span> <span class='ocrx_word' id='word_1_54' title='bbox 904 1547 1069 1611; x_wconf 77' lang='lat' dir='ltr'><strong>ueritatem</strong></span> <span class='ocrx_word' id='word_1_55' title='bbox 1098 1547 1255 1628; x_wconf 87' lang='lat' dir='ltr'><strong>quandam</strong></span> <span class='ocrx_word' id='word_1_56' title='bbox 1276 1547 1386 1610; x_wconf 86' lang='lat' dir='ltr'><strong>inesse.</strong></span> 
     </span>
     <span class='ocr_line' id='line_1_10' title="bbox 286 1665 774 1731; baseline 0 -2"><span class='ocrx_word' id='word_1_57' title='bbox 286 1665 360 1729; x_wconf 84' lang='lat' dir='ltr'><strong>Non</strong></span> <span class='ocrx_word' id='word_1_58' title='bbox 379 1685 454 1730; x_wconf 70' lang='lat' dir='ltr'><strong>amo</strong></span> <span class='ocrx_word' id='word_1_59' title='bbox 475 1667 521 1731; x_wconf 87' lang='lat' dir='ltr'><strong>ita</strong></span> <span class='ocrx_word' id='word_1_60' title='bbox 540 1686 576 1730; x_wconf 87' lang='lat' dir='ltr'><strong>se</strong></span> <span class='ocrx_word' id='word_1_61' title='bbox 595 1685 647 1730; x_wconf 90' lang='lat' dir='ltr'><strong>res</strong></span> <span class='ocrx_word' id='word_1_62' title='bbox 666 1665 774 1729; x_wconf 81' lang='lat' dir='ltr'><strong>habet</strong></span> 
     </span>
    </p>
   </div>
   <div class='ocr_carea' id='block_1_4' title="bbox 285 1852 1390 2525">
    <p class='ocr_par' dir='ltr' id='par_1_4' title="bbox 285 1852 1390 2525">
     <span class='ocr_line' id='line_1_11' title="bbox 372 1852 1388 1929; baseline -0.001 -11"><span class='ocrx_word' id='word_1_63' title='bbox 372 1853 584 1919; x_wconf 85' lang='lat' dir='ltr'><strong>Nihilominus</strong></span> <span class='ocrx_word' id='word_1_64' title='bbox 605 1856 848 1917; x_wconf 89' lang='lat' dir='ltr'><strong>consentaneum</strong></span> <span class='ocrx_word' id='word_1_65' title='bbox 871 1854 973 1917; x_wconf 87' lang='lat' dir='ltr'><strong>risum</strong></span> <span class='ocrx_word' id='word_1_66' title='bbox 996 1856 1061 1927; x_wconf 87' lang='lat' dir='ltr'><strong>est,</strong></span> <span class='ocrx_word' id='word_1_67' title='bbox 1089 1852 1170 1915; x_wconf 86' lang='lat' dir='ltr'><strong>hanc</strong></span> <span class='ocrx_word' id='word_1_68' title='bbox 1191 1854 1388 1929; x_wconf 82' lang='lat' dir='ltr'><strong>sententiam</strong></span> 
     </span>
     <span class='ocr_line' id='line_1_12' title="bbox 285 1970 1388 2055; baseline -0.002 -20"><span class='ocrx_word' id='word_1_69' title='bbox 285 1970 360 2036; x_wconf 89' lang='lat' dir='ltr'><strong>lieet</strong></span> <span class='ocrx_word' id='word_1_70' title='bbox 381 1972 582 2055; x_wconf 78' lang='lat' dir='ltr'><strong>hypothetica</strong></span> <span class='ocrx_word' id='word_1_71' title='bbox 601 1972 661 2047; x_wconf 91' lang='lat' dir='ltr'><strong>sit,</strong></span> <span class='ocrx_word' id='word_1_72' title='bbox 683 1990 836 2052; x_wconf 83' lang='lat' dir='ltr'><strong>exponere</strong></span> <span class='ocrx_word' id='word_1_73' title='bbox 857 1974 971 2054; x_wconf 80' lang='lat' dir='ltr'><strong>quippo</strong></span> <span class='ocrx_word' id='word_1_74' title='bbox 990 1992 1052 2053; x_wconf 91' lang='lat' dir='ltr'><strong>qua</strong></span> <span class='ocrx_word' id='word_1_75' title='bbox 1071 1970 1239 2036; x_wconf 84' lang='lat' dir='ltr'><strong>nonnullae</strong></span> <span class='ocrx_word' id='word_1_76' title='bbox 1264 1970 1388 2033; x_wconf 89' lang='lat' dir='ltr'><strong>difficil-</strong></span> 
     </span>
     <span class='ocr_line' id='line_1_13' title="bbox 285 2087 1388 2172; baseline -0.003 -20"><span class='ocrx_word' id='word_1_77' title='bbox 285 2088 380 2152; x_wconf 90' lang='lat' dir='ltr'><strong>limae</strong></span> <span class='ocrx_word' id='word_1_78' title='bbox 401 2089 566 2153; x_wconf 85' lang='lat' dir='ltr'><strong>intellectu</strong></span> <span class='ocrx_word' id='word_1_79' title='bbox 594 2089 765 2172; x_wconf 83' lang='lat' dir='ltr'><strong>organismi</strong></span> <span class='ocrx_word' id='word_1_80' title='bbox 793 2090 1061 2154; x_wconf 81' lang='lat' dir='ltr'><strong>manifestationes</strong></span> <span class='ocrx_word' id='word_1_81' title='bbox 1090 2091 1148 2154; x_wconf 87' lang='lat' dir='ltr'><strong>sub</strong></span> <span class='ocrx_word' id='word_1_82' title='bbox 1182 2108 1244 2151; x_wconf 89' lang='lat' dir='ltr'><strong>una</strong></span> <span class='ocrx_word' id='word_1_83' title='bbox 1278 2087 1388 2169; x_wconf 82' lang='lat' dir='ltr'><strong>regula</strong></span> 
     </span>
     <span class='ocr_line' id='line_1_14' title="bbox 287 2203 1389 2288; baseline -0.005 -16"><span class='ocrx_word' id='word_1_84' title='bbox 287 2208 604 2288; x_wconf 78' lang='lat' dir='ltr'><strong>comprehendantur,</strong></span> <span class='ocrx_word' id='word_1_85' title='bbox 634 2226 757 2288; x_wconf 89' lang='lat' dir='ltr'><strong>quaque</strong></span> <span class='ocrx_word' id='word_1_86' title='bbox 783 2206 850 2270; x_wconf 86' lang='lat' dir='ltr'><strong>lieri</strong></span> <span class='ocrx_word' id='word_1_87' title='bbox 877 2208 995 2288; x_wconf 86' lang='lat' dir='ltr'><strong>possit,</strong></span> <span class='ocrx_word' id='word_1_88' title='bbox 1026 2210 1062 2271; x_wconf 93' lang='lat' dir='ltr'><strong>ut</strong></span> <span class='ocrx_word' id='word_1_89' title='bbox 1085 2208 1136 2270; x_wconf 85' lang='lat' dir='ltr'><strong>ria</strong></span> <span class='ocrx_word' id='word_1_90' title='bbox 1166 2206 1323 2288; x_wconf 86' lang='lat' dir='ltr'><strong>aperiatur</strong></span> <span class='ocrx_word' id='word_1_91' title='bbox 1348 2203 1389 2267; x_wconf 89' lang='lat' dir='ltr'><strong>ad</strong></span> 
     </span>
     <span class='ocr_line' id='line_1_15' title="bbox 287 2324 1390 2408; baseline -0.004 -19"><span class='ocrx_word' id='word_1_92' title='bbox 287 2325 485 2405; x_wconf 82' lang='lat' dir='ltr'><strong>quaestiones</strong></span> <span class='ocrx_word' id='word_1_93' title='bbox 513 2327 546 2389; x_wconf 90' lang='lat' dir='ltr'><strong>ot</strong></span> <span class='ocrx_word' id='word_1_94' title='bbox 573 2325 733 2408; x_wconf 79' lang='lat' dir='ltr'><strong>enigmata</strong></span> <span class='ocrx_word' id='word_1_95' title='bbox 760 2326 897 2406; x_wconf 85' lang='lat' dir='ltr'><strong>eorporis</strong></span> <span class='ocrx_word' id='word_1_96' title='bbox 931 2325 1062 2388; x_wconf 88' lang='lat' dir='ltr'><strong>animati</strong></span> <span class='ocrx_word' id='word_1_97' title='bbox 1092 2326 1323 2406; x_wconf 83' lang='lat' dir='ltr'><strong>temperaturae</strong></span> <span class='ocrx_word' id='word_1_98' title='bbox 1358 2324 1390 2385; x_wconf 92' lang='lat' dir='ltr'><strong>et</strong></span> 
     </span>
     <span class='ocr_line' id='line_1_16' title="bbox 287 2441 1160 2525; baseline 0 -19"><span class='ocrx_word' id='word_1_99' title='bbox 287 2441 400 2507; x_wconf 89' lang='lat' dir='ltr'><strong>caloris</strong></span> <span class='ocrx_word' id='word_1_100' title='bbox 419 2443 524 2525; x_wconf 89' lang='lat' dir='ltr'><strong>aliqua</strong></span> <span class='ocrx_word' id='word_1_101' title='bbox 546 2462 583 2507; x_wconf 92' lang='lat' dir='ltr'><strong>er</strong></span> <span class='ocrx_word' id='word_1_102' title='bbox 604 2446 694 2525; x_wconf 88' lang='lat' dir='ltr'><strong>parte</strong></span> <span class='ocrx_word' id='word_1_103' title='bbox 712 2443 818 2507; x_wconf 84' lang='lat' dir='ltr'><strong>futuro</strong></span> <span class='ocrx_word' id='word_1_104' title='bbox 840 2446 980 2524; x_wconf 86' lang='lat' dir='ltr'><strong>tempore</strong></span> <span class='ocrx_word' id='word_1_105' title='bbox 1001 2442 1160 2506; x_wconf 78' lang='lat' dir='ltr'><strong>soluenda</strong></span> 
     </span>
    </p>
   </div>
   <div class='ocr_carea' id='block_1_5' title="bbox 287 2606 1393 4457">
    <p class='ocr_par' dir='ltr' id='par_1_5' title="bbox 287 2606 1393 4457">
     <span class='ocr_line' id='line_1_17' title="bbox 375 2606 1390 2690; baseline -0.001 -19"><span class='ocrx_word' id='word_1_106' title='bbox 375 2609 480 2672; x_wconf 81' lang='lat' dir='ltr'><strong>Pauca</strong></span> <span class='ocrx_word' id='word_1_107' title='bbox 499 2608 656 2673; x_wconf 86' lang='lat' dir='ltr'><strong>sufficient</strong></span> <span class='ocrx_word' id='word_1_108' title='bbox 675 2610 712 2671; x_wconf 92' lang='lat' dir='ltr'><strong>ut</strong></span> <span class='ocrx_word' id='word_1_109' title='bbox 732 2606 861 2688; x_wconf 88' lang='lat' dir='ltr'><strong>planum</strong></span> <span class='ocrx_word' id='word_1_110' title='bbox 883 2607 954 2684; x_wconf 88' lang='lat' dir='ltr'><strong>fiat,</strong></span> <span class='ocrx_word' id='word_1_111' title='bbox 976 2607 1131 2690; x_wconf 90' lang='lat' dir='ltr'><strong>quomodo</strong></span> <span class='ocrx_word' id='word_1_112' title='bbox 1149 2607 1287 2689; x_wconf 89' lang='lat' dir='ltr'><strong>corporis</strong></span> <span class='ocrx_word' id='word_1_113' title='bbox 1312 2626 1390 2688; x_wconf 92' lang='lat' dir='ltr'><strong>pon-</strong></span> 
     </span>
     <span class='ocr_line' id='line_1_18' title="bbox 288 2724 1393 2808; baseline -0.003 -18"><span class='ocrx_word' id='word_1_114' title='bbox 288 2726 346 2790; x_wconf 89' lang='lat' dir='ltr'><strong>dus</strong></span> <span class='ocrx_word' id='word_1_115' title='bbox 367 2726 450 2791; x_wconf 86' lang='lat' dir='ltr'><strong>inter</strong></span> <span class='ocrx_word' id='word_1_116' title='bbox 473 2724 755 2790; x_wconf 77' lang='lat' dir='ltr'><strong>convalescentiam</strong></span> <span class='ocrx_word' id='word_1_117' title='bbox 775 2744 884 2789; x_wconf 86' lang='lat' dir='ltr'><strong>rursus</strong></span> <span class='ocrx_word' id='word_1_118' title='bbox 906 2729 1067 2808; x_wconf 85' lang='lat' dir='ltr'><strong>augeatur.</strong></span> <span class='ocrx_word' id='word_1_119' title='bbox 1112 2727 1242 2789; x_wconf 85' lang='lat' dir='ltr'><strong>Praeter</strong></span> <span class='ocrx_word' id='word_1_120' title='bbox 1261 2743 1393 2807; x_wconf 85' lang='lat' dir='ltr'><strong>genera·</strong></span> 
     </span>
     <span class='ocr_line' id='line_1_19' title="bbox 287 2841 1393 2925; baseline -0.004 -18"><span class='ocrx_word' id='word_1_121' title='bbox 287 2843 351 2908; x_wconf 91' lang='lat' dir='ltr'><strong>lem</strong></span> <span class='ocrx_word' id='word_1_122' title='bbox 372 2843 556 2908; x_wconf 84' lang='lat' dir='ltr'><strong>inerementi</strong></span> <span class='ocrx_word' id='word_1_123' title='bbox 577 2860 777 2925; x_wconf 83' lang='lat' dir='ltr'><strong>progressum</strong></span> <span class='ocrx_word' id='word_1_124' title='bbox 799 2844 832 2905; x_wconf 90' lang='lat' dir='ltr'><strong>et</strong></span> <span class='ocrx_word' id='word_1_125' title='bbox 854 2860 966 2906; x_wconf 82' lang='lat' dir='ltr'><strong>curvae</strong></span> <span class='ocrx_word' id='word_1_126' title='bbox 988 2841 1130 2918; x_wconf 83' lang='lat' dir='ltr'><strong>formam,</strong></span> <span class='ocrx_word' id='word_1_127' title='bbox 1151 2842 1212 2905; x_wconf 93' lang='lat' dir='ltr'><strong>duo</strong></span> <span class='ocrx_word' id='word_1_128' title='bbox 1228 2841 1393 2922; x_wconf 83' lang='lat' dir='ltr'><strong>praecipue</strong></span> 
     </span>
     <span class='ocr_line' id='line_1_20' title="bbox 287 2958 1393 3043; baseline -0.003 -18"><span class='ocrx_word' id='word_1_129' title='bbox 287 2959 437 3025; x_wconf 83' lang='lat' dir='ltr'><strong>hocloco</strong></span> <span class='ocrx_word' id='word_1_130' title='bbox 460 2962 666 3043; x_wconf 80' lang='lat' dir='ltr'><strong>quaeruntur3</strong></span> <span class='ocrx_word' id='word_1_131' title='bbox 695 2959 829 3039; x_wconf 87' lang='lat' dir='ltr'><strong>primum</strong></span> <span class='ocrx_word' id='word_1_132' title='bbox 852 2978 927 3022; x_wconf 89' lang='lat' dir='ltr'><strong>num</strong></span> <span class='ocrx_word' id='word_1_133' title='bbox 954 2958 1138 3023; x_wconf 83' lang='lat' dir='ltr'><strong>inerementi</strong></span> <span class='ocrx_word' id='word_1_134' title='bbox 1160 2959 1293 3028; x_wconf 84' lang='lat' dir='ltr'><strong>ratioet</strong></span> <span class='ocrx_word' id='word_1_135' title='bbox 1320 2977 1393 3040; x_wconf 85' lang='lat' dir='ltr'><strong>pro-</strong></span> 
     </span>
     <span class='ocr_line' id='line_1_21' title="bbox 288 3075 1393 3171; baseline -0.003 -27"><span class='ocrx_word' id='word_1_136' title='bbox 288 3097 415 3162; x_wconf 75' lang='lat' dir='ltr'><strong>gressus</strong></span> <span class='ocrx_word' id='word_1_137' title='bbox 444 3078 484 3144; x_wconf 88' lang='lat' dir='ltr'><strong>ab</strong></span> <span class='ocrx_word' id='word_1_138' title='bbox 506 3075 719 3142; x_wconf 88' lang='lat' dir='ltr'><strong>antecedentis</strong></span> <span class='ocrx_word' id='word_1_139' title='bbox 742 3075 914 3141; x_wconf 84' lang='lat' dir='ltr'><strong>allectionis</strong></span> <span class='ocrx_word' id='word_1_140' title='bbox 944 3077 1100 3160; x_wconf 80' lang='lat' dir='ltr'><strong>gravitate</strong></span> <span class='ocrx_word' id='word_1_141' title='bbox 1127 3082 1159 3143; x_wconf 89' lang='lat' dir='ltr'><strong>et</strong></span> <span class='ocrx_word' id='word_1_142' title='bbox 1188 3079 1393 3171; x_wconf 82' lang='lat' dir='ltr'><strong>diuturnitate</strong></span> 
     </span>
     <span class='ocr_line' id='line_1_22' title="bbox 289 3192 1393 3280; baseline 0.001 -20"><span class='ocrx_word' id='word_1_143' title='bbox 289 3194 436 3278; x_wconf 82' lang='lat' dir='ltr'><strong>pendeat,</strong></span> <span class='ocrx_word' id='word_1_144' title='bbox 460 3192 570 3259; x_wconf 86' lang='lat' dir='ltr'><strong>deinde</strong></span> <span class='ocrx_word' id='word_1_145' title='bbox 593 3211 752 3276; x_wconf 81' lang='lat' dir='ltr'><strong>quousque</strong></span> <span class='ocrx_word' id='word_1_146' title='bbox 773 3192 894 3275; x_wconf 85' lang='lat' dir='ltr'><strong>pondus</strong></span> <span class='ocrx_word' id='word_1_147' title='bbox 919 3208 1057 3261; x_wconf 82' lang='lat' dir='ltr'><strong>creseere</strong></span> <span class='ocrx_word' id='word_1_148' title='bbox 1079 3196 1205 3275; x_wconf 87' lang='lat' dir='ltr'><strong>debeat,</strong></span> <span class='ocrx_word' id='word_1_149' title='bbox 1226 3202 1263 3263; x_wconf 90' lang='lat' dir='ltr'><strong>ut</strong></span> <span class='ocrx_word' id='word_1_150' title='bbox 1282 3217 1393 3280; x_wconf 84' lang='lat' dir='ltr'><strong>aegro-</strong></span> 
     </span>
     <span class='ocr_line' id='line_1_23' title="bbox 290 3310 1393 3396; baseline 0 -18"><span class='ocrx_word' id='word_1_151' title='bbox 290 3314 342 3378; x_wconf 85' lang='lat' dir='ltr'><strong>tus</strong></span> <span class='ocrx_word' id='word_1_152' title='bbox 371 3312 484 3378; x_wconf 86' lang='lat' dir='ltr'><strong>bonam</strong></span> <span class='ocrx_word' id='word_1_153' title='bbox 517 3328 715 3394; x_wconf 83' lang='lat' dir='ltr'><strong>recuperasse</strong></span> <span class='ocrx_word' id='word_1_154' title='bbox 738 3310 949 3377; x_wconf 87' lang='lat' dir='ltr'><strong>valetudinem</strong></span> <span class='ocrx_word' id='word_1_155' title='bbox 971 3314 1071 3396; x_wconf 85' lang='lat' dir='ltr'><strong>possit</strong></span> <span class='ocrx_word' id='word_1_156' title='bbox 1096 3314 1257 3380; x_wconf 84' lang='lat' dir='ltr'><strong>declarari.</strong></span> <span class='ocrx_word' id='word_1_157' title='bbox 1304 3313 1393 3394; x_wconf 79' lang='lat' dir='ltr'><strong>Quod</strong></span> 
     </span>
     <span class='ocr_line' id='line_1_24' title="bbox 291 3428 1393 3515; baseline 0.001 -20"><span class='ocrx_word' id='word_1_158' title='bbox 291 3430 331 3495; x_wconf 87' lang='lat' dir='ltr'><strong>ad</strong></span> <span class='ocrx_word' id='word_1_159' title='bbox 352 3431 433 3495; x_wconf 86' lang='lat' dir='ltr'><strong>hane</strong></span> <span class='ocrx_word' id='word_1_160' title='bbox 454 3428 667 3513; x_wconf 88' lang='lat' dir='ltr'><strong>quaestionem</strong></span> <span class='ocrx_word' id='word_1_161' title='bbox 689 3429 819 3506; x_wconf 83' lang='lat' dir='ltr'><strong>attinet,</strong></span> <span class='ocrx_word' id='word_1_162' title='bbox 850 3448 910 3512; x_wconf 91' lang='lat' dir='ltr'><strong>quo</strong></span> <span class='ocrx_word' id='word_1_163' title='bbox 932 3433 1072 3514; x_wconf 91' lang='lat' dir='ltr'><strong>tempore</strong></span> <span class='ocrx_word' id='word_1_164' title='bbox 1094 3435 1241 3515; x_wconf 84' lang='lat' dir='ltr'><strong>aegrotus</strong></span> <span class='ocrx_word' id='word_1_165' title='bbox 1263 3450 1280 3495; x_wconf 90' lang='lat' dir='ltr'><strong>e</strong></span> <span class='ocrx_word' id='word_1_166' title='bbox 1300 3450 1393 3496; x_wconf 85' lang='lat' dir='ltr'><strong>noso·</strong></span> 
     </span>
     <span class='ocr_line' id='line_1_25' title="bbox 291 3546 1392 3631; baseline 0 -19"><span class='ocrx_word' id='word_1_167' title='bbox 291 3546 389 3613; x_wconf 87' lang='lat' dir='ltr'><strong>comio</strong></span> <span class='ocrx_word' id='word_1_168' title='bbox 410 3546 586 3613; x_wconf 83' lang='lat' dir='ltr'><strong>dimittetur</strong></span> <span class='ocrx_word' id='word_1_169' title='bbox 614 3567 706 3631; x_wconf 83' lang='lat' dir='ltr'><strong>saepe</strong></span> <span class='ocrx_word' id='word_1_170' title='bbox 729 3548 833 3614; x_wconf 89' lang='lat' dir='ltr'><strong>minus</strong></span> <span class='ocrx_word' id='word_1_171' title='bbox 862 3567 897 3613; x_wconf 84' lang='lat' dir='ltr'><strong>ex</strong></span> <span class='ocrx_word' id='word_1_172' title='bbox 920 3548 1119 3614; x_wconf 80' lang='lat' dir='ltr'><strong>recreationis</strong></span> <span class='ocrx_word' id='word_1_173' title='bbox 1148 3547 1265 3631; x_wconf 83' lang='lat' dir='ltr'><strong>gradu,</strong></span> <span class='ocrx_word' id='word_1_174' title='bbox 1301 3568 1392 3631; x_wconf 91' lang='lat' dir='ltr'><strong>quem</strong></span> 
     </span>
     <span class='ocr_line' id='line_1_26' title="bbox 291 3659 1392 3749; baseline -0.003 -17"><span class='ocrx_word' id='word_1_175' title='bbox 291 3664 422 3749; x_wconf 85' lang='lat' dir='ltr'><strong>adeptus</strong></span> <span class='ocrx_word' id='word_1_176' title='bbox 452 3666 514 3743; x_wconf 86' lang='lat' dir='ltr'><strong>eet,</strong></span> <span class='ocrx_word' id='word_1_177' title='bbox 545 3664 668 3731; x_wconf 87' lang='lat' dir='ltr'><strong>decerni</strong></span> <span class='ocrx_word' id='word_1_178' title='bbox 696 3667 776 3732; x_wconf 87' lang='lat' dir='ltr'><strong>solet</strong></span> <span class='ocrx_word' id='word_1_179' title='bbox 806 3686 898 3749; x_wconf 88' lang='lat' dir='ltr'><strong>quam</strong></span> <span class='ocrx_word' id='word_1_180' title='bbox 928 3685 963 3730; x_wconf 86' lang='lat' dir='ltr'><strong>er</strong></span> <span class='ocrx_word' id='word_1_181' title='bbox 986 3665 1211 3731; x_wconf 87' lang='lat' dir='ltr'><strong>conditionibus</strong></span> <span class='ocrx_word' id='word_1_182' title='bbox 1240 3659 1392 3730; x_wconf 82' lang='lat' dir='ltr'><strong>externis:</strong></span> 
     </span>
     <span class='ocr_line' id='line_1_27' title="bbox 290 3782 1392 3865; baseline -0.003 -16"><span class='ocrx_word' id='word_1_183' title='bbox 290 3782 523 3849; x_wconf 86' lang='lat' dir='ltr'><strong>multitudinem</strong></span> <span class='ocrx_word' id='word_1_184' title='bbox 546 3782 613 3849; x_wconf 85' lang='lat' dir='ltr'><strong>dico</strong></span> <span class='ocrx_word' id='word_1_185' title='bbox 636 3787 808 3850; x_wconf 87' lang='lat' dir='ltr'><strong>neteromm</strong></span> <span class='ocrx_word' id='word_1_186' title='bbox 831 3783 1052 3848; x_wconf 85' lang='lat' dir='ltr'><strong>innosocomio</strong></span> <span class='ocrx_word' id='word_1_187' title='bbox 1072 3784 1278 3865; x_wconf 83' lang='lat' dir='ltr'><strong>aegrotorum,</strong></span> <span class='ocrx_word' id='word_1_188' title='bbox 1303 3802 1392 3848; x_wconf 86' lang='lat' dir='ltr'><strong>oura-</strong></span> 
     </span>
     <span class='ocr_line' id='line_1_28' title="bbox 290 3899 1391 3987; baseline -0.004 -20"><span class='ocrx_word' id='word_1_189' title='bbox 290 3902 407 3967; x_wconf 89' lang='lat' dir='ltr'><strong>tlonom</strong></span> <span class='ocrx_word' id='word_1_190' title='bbox 429 3900 529 3987; x_wconf 79' lang='lat' dir='ltr'><strong>magis</strong></span> <span class='ocrx_word' id='word_1_191' title='bbox 551 3901 692 3969; x_wconf 80' lang='lat' dir='ltr'><strong>minusve</strong></span> <span class='ocrx_word' id='word_1_192' title='bbox 722 3900 1013 3985; x_wconf 69' lang='lat' dir='ltr'><strong>diligentemdomi</strong></span> <span class='ocrx_word' id='word_1_193' title='bbox 1043 3901 1243 3984; x_wconf 83' lang='lat' dir='ltr'><strong>sperandam,</strong></span> <span class='ocrx_word' id='word_1_194' title='bbox 1273 3899 1391 3982; x_wconf 79' lang='lat' dir='ltr'><strong>aegrot&#39;</strong></span> 
     </span>
     <span class='ocr_line' id='line_1_29' title="bbox 291 4016 1393 4096; baseline -0.005 -11"><span class='ocrx_word' id='word_1_195' title='bbox 291 4016 477 4086; x_wconf 83' lang='lat' dir='ltr'><strong>desiderium</strong></span> <span class='ocrx_word' id='word_1_196' title='bbox 509 4018 634 4087; x_wconf 84' lang='lat' dir='ltr'><strong>domum</strong></span> <span class='ocrx_word' id='word_1_197' title='bbox 662 4020 811 4086; x_wconf 85' lang='lat' dir='ltr'><strong>redeundi</strong></span> <span class='ocrx_word' id='word_1_198' title='bbox 848 4023 906 4085; x_wconf 86' lang='lat' dir='ltr'><strong>eto.</strong></span> <span class='ocrx_word' id='word_1_199' title='bbox 961 4019 1044 4084; x_wconf 84' lang='lat' dir='ltr'><strong>Hine</strong></span> <span class='ocrx_word' id='word_1_200' title='bbox 1072 4020 1200 4096; x_wconf 86' lang='lat' dir='ltr'><strong>accidit,</strong></span> <span class='ocrx_word' id='word_1_201' title='bbox 1237 4021 1273 4082; x_wconf 90' lang='lat' dir='ltr'><strong>ut</strong></span> <span class='ocrx_word' id='word_1_202' title='bbox 1301 4016 1393 4082; x_wconf 90' lang='lat' dir='ltr'><strong>multi</strong></span> 
     </span>
     <span class='ocr_line' id='line_1_30' title="bbox 292 4136 1392 4223; baseline -0.005 -18"><span class='ocrx_word' id='word_1_203' title='bbox 292 4136 472 4205; x_wconf 81' lang='lat' dir='ltr'><strong>brevissimo</strong></span> <span class='ocrx_word' id='word_1_204' title='bbox 502 4138 639 4223; x_wconf 83' lang='lat' dir='ltr'><strong>tempore</strong></span> <span class='ocrx_word' id='word_1_205' title='bbox 677 4141 747 4223; x_wconf 88' lang='lat' dir='ltr'><strong>post</strong></span> <span class='ocrx_word' id='word_1_206' title='bbox 776 4137 979 4203; x_wconf 83' lang='lat' dir='ltr'><strong>mutationem</strong></span> <span class='ocrx_word' id='word_1_207' title='bbox 1012 4138 1156 4219; x_wconf 88' lang='lat' dir='ltr'><strong>ponderis</strong></span> <span class='ocrx_word' id='word_1_208' title='bbox 1191 4137 1305 4202; x_wconf 81' lang='lat' dir='ltr'><strong>factam</strong></span> <span class='ocrx_word' id='word_1_209' title='bbox 1337 4137 1392 4200; x_wconf 91' lang='lat' dir='ltr'><strong>do-</strong></span> 
     </span>
     <span class='ocr_line' id='line_1_31' title="bbox 292 4254 1393 4323; baseline -0.003 -2"><span class='ocrx_word' id='word_1_210' title='bbox 292 4274 376 4322; x_wconf 87' lang='lat' dir='ltr'><strong>mum</strong></span> <span class='ocrx_word' id='word_1_211' title='bbox 418 4254 624 4323; x_wconf 86' lang='lat' dir='ltr'><strong>dimittantur.</strong></span> <span class='ocrx_word' id='word_1_212' title='bbox 684 4254 835 4322; x_wconf 87' lang='lat' dir='ltr'><strong>Nonnulli</strong></span> <span class='ocrx_word' id='word_1_213' title='bbox 873 4256 1031 4321; x_wconf 84' lang='lat' dir='ltr'><strong>observari</strong></span> <span class='ocrx_word' id='word_1_214' title='bbox 1070 4254 1226 4321; x_wconf 87' lang='lat' dir='ltr'><strong>desierunt</strong></span> <span class='ocrx_word' id='word_1_215' title='bbox 1262 4254 1393 4319; x_wconf 88' lang='lat' dir='ltr'><strong>simulac</strong></span> 
     </span>
     <span class='ocr_line' id='line_1_32' title="bbox 292 4362 1393 4457; baseline -0.003 -18"><span class='ocrx_word' id='word_1_216' title='bbox 292 4372 386 4441; x_wconf 82' lang='lat' dir='ltr'><strong>febris</strong></span> <span class='ocrx_word' id='word_1_217' title='bbox 414 4372 502 4439; x_wconf 84' lang='lat' dir='ltr'><strong>linita</strong></span> <span class='ocrx_word' id='word_1_218' title='bbox 532 4376 595 4453; x_wconf 86' lang='lat' dir='ltr'><strong>est,</strong></span> <span class='ocrx_word' id='word_1_219' title='bbox 622 4393 683 4457; x_wconf 85' lang='lat' dir='ltr'><strong>que</strong></span> <span class='ocrx_word' id='word_1_220' title='bbox 711 4394 744 4439; x_wconf 82' lang='lat' dir='ltr'><strong>re</strong></span> <span class='ocrx_word' id='word_1_221' title='bbox 765 4392 856 4457; x_wconf 84' lang='lat' dir='ltr'><strong>saepe</strong></span> <span class='ocrx_word' id='word_1_222' title='bbox 879 4374 914 4439; x_wconf 88' lang='lat' dir='ltr'><strong>fit</strong></span> <span class='ocrx_word' id='word_1_223' title='bbox 935 4376 971 4439; x_wconf 91' lang='lat' dir='ltr'><strong>ut</strong></span> <span class='ocrx_word' id='word_1_224' title='bbox 990 4393 1029 4439; x_wconf 90' lang='lat' dir='ltr'><strong>ne</strong></span> <span class='ocrx_word' id='word_1_225' title='bbox 1051 4362 1146 4438; x_wconf 85' lang='lat' dir='ltr'><strong>semel</strong></span> <span class='ocrx_word' id='word_1_226' title='bbox 1170 4373 1295 4456; x_wconf 89' lang='lat' dir='ltr'><strong>quidem</strong></span> <span class='ocrx_word' id='word_1_227' title='bbox 1322 4375 1393 4455; x_wconf 86' lang='lat' dir='ltr'><strong>post</strong></span> 
     </span>
    </p>
   </div>
   <div class='ocr_carea' id='block_1_6' title="bbox 0 0 1602 5004">
    <p class='ocr_par' dir='ltr' id='par_1_6' title="bbox 0 0 1602 5004">
     <span class='ocr_line' id='line_1_33' title="bbox 0 0 1602 5004; baseline 0 0"><span class='ocrx_word' id='word_1_228' title='bbox 0 0 1602 5004; x_wconf 95' lang='lat' dir='ltr'><strong> </strong></span> 
     </span>
    </p>
   </div>
  </div>
 </body>
</html>
