3172 5004
1302 434 1321 494 b

211 619 325 700 potest.
382 620 483 699 Quam
514 639 586 684 raro
611 622 661 684 his
691 619 921 684 conditionibus
953 619 1107 683 satisfacit
1144 618 1321 684 observatio

212 737 339 801 clinica!
391 739 502 820 Itaque
525 737 565 801 ad
589 735 845 819 multiplicandas
875 735 1113 801 observationes
1134 735 1238 799 minus
1267 756 1321 818 spe

209 852 416 937 impellimur,
454 855 602 920 certiores
636 854 755 919 medios
791 872 938 917 numeros
975 871 1031 916 nos
1061 854 1185 940 assequi
1220 872 1321 934 posse,

210 991 304 1053 quam
327 972 430 1053 potius
453 992 490 1036 ea
511 992 582 1054 spe,
604 990 790 1054 unaquaque
816 970 1032 1035 observatione
1054 969 1123 1034 acui
1144 969 1246 1034 visum
1271 972 1320 1034 at-

209 1107 268 1169 que
288 1089 335 1152 ita
354 1089 605 1153 observationem
628 1090 811 1170 sequentem
833 1087 1056 1151 accuratiorem
1090 1105 1213 1168 semper
1242 1087 1319 1164 fieri,

208 1224 307 1287 neque
330 1206 433 1270 minus
454 1205 537 1269 inter
558 1205 709 1270 maiorem
729 1203 983 1268 observationum
1011 1223 1175 1267 numerum
1197 1204 1320 1269 facilius

207 1322 274 1385 fore
296 1324 333 1385 ut
353 1322 459 1404 aliqua
480 1325 640 1399 occurrat,
669 1341 731 1403 qua
752 1320 803 1385 len
824 1321 967 1403 quaesita
988 1320 1080 1403 plane
1105 1322 1137 1387 et
1157 1320 1319 1403 perspicue

208 1439 448 1504 demonstretur.
559 1434 561 1439 ’
608 1516 610 1521 ,

294 1556 355 1621 Sed
374 1558 572 1622 transeamus
595 1557 635 1622 ad
659 1558 857 1638 ipsamnem.
1103 1632 1108 1639 ι

295 1676 505 1739 Numercmm
529 1675 640 1751 series,
670 1674 783 1756 quibus
805 1674 1004 1756 aegrotorum
1033 1674 1130 1756 typho
1160 1677 1319 1756 correpto·

208 1811 275 1854 rum
300 1793 437 1873 pondera
458 1793 688 1874 exprimuntur,
721 1790 748 1854 si
777 1790 1026 1872 contemplamur
1048 1792 1142 1872 atque
1170 1789 1253 1855 inter
1284 1811 1317 1856 se

208 1927 440 1990 comparamus,
478 1930 550 1974 mon
583 1909 759 1974 invenimus
797 1928 896 1991 usque
934 1907 974 1972 ad
1011 1909 1132 1972 certum
1166 1909 1317 1991 temporis

208 2027 345 2107 spatium
383 2020 423 2092 ab
446 2027 536 2091 initio
564 2026 666 2091 morbi
695 2026 842 2090 continuo
877 2043 929 2089 eos
959 2023 1104 2101 diminui,
1144 2025 1216 2091 inde
1248 2028 1317 2108 pari

207 2145 299 2207 modo
324 2145 417 2225 atque
440 2162 536 2225 aeque
560 2143 705 2207 continuo
728 2162 885 2218 crescere;
907 2142 1014 2224 paucis
1035 2141 1155 2207 scilicet
1171 2146 1316 2226 exceptis,

208 2260 381 2342 dequibus
412 2260 493 2325 infra
516 2279 623 2324 sermo
638 2260 702 2324 fiet.
753 2260 891 2342 Corpora
919 2260 1015 2342 typho
1045 2263 1187 2340 correpta
1217 2281 1315 2344 usque

208 2376 247 2440 ad
270 2379 390 2441 certum
410 2380 535 2459 tempus
558 2376 705 2441 continuo
729 2396 765 2440 ac
785 2377 971 2459 regulariter
993 2375 1114 2441 leviora
1134 2377 1315 2457 redduntur,

204 2495 276 2574 post
309 2494 437 2576 perinde
469 2495 668 2578 gravescunt.
724 2494 910 2558 Differentia
944 2493 1026 2558 inter
1057 2495 1246 2575 praecedens
1284 2499 1316 2561 et

204 2628 336 2691 sequens
360 2612 498 2706 corporis
522 2611 643 2695 pondus
666 2630 763 2693 usque
785 2611 830 2707 ad„
848 2612 968 2675 certum
990 2611 1140 2693 temporis
1163 2616 1314 2693 punctum

203 2727 338 2809 positiva
371 2730 436 2805 est,
468 2728 541 2792 inde
571 2728 610 2792 ab
640 2746 676 2792 eo
707 2728 864 2811 negativa.
919 2730 988 2793 Iam
1017 2728 1177 2810 quaeritur
1208 2732 1314 2795 utrum

202 2845 280 2908 haec
317 2846 452 2909 mutatio
484 2845 630 2937 diminuti
668 2846 806 2927 corporis
833 2844 979 2926 ponderis
1014 2845 1046 2908 in
1080 2846 1207 2911 auctum
1242 2867 1315 2912 cuin

202 2961 300 3044 ipsius
322 2963 424 3027 morbi
446 2962 582 3043 quodam
595 2961 707 3026 stadio
731 2964 884 3044 congruat
906 2979 1038 3025 annon...

290 3078 395 3143 Morbi
429 3079 569 3143 historiis
600 3080 685 3142 hunc
714 3079 754 3143 ad
791 3078 884 3142 linem
920 3078 1136 3160 perlustratis,
1171 3081 1313 3164 inprimis

200 3195 296 3259 febris
321 3196 470 3260 decursus
491 3195 703 3277 respiciendus
725 3194 801 3271 fuit;
831 3213 910 3276 quae
933 3194 1047 3273 febris,
1075 3197 1199 3280 signum
1221 3200 1313 3265 huius

201 3313 303 3376 mbrbi
324 3311 512 3394 principale,
542 3311 602 3376 tali
622 3312 714 3376 modo
738 3331 835 3393 aeque
862 3331 900 3376 ac
926 3314 1054 3378 morbus
1075 3316 1245 3397 percurrit,
1277 3319 1314 3380 ut

139 3474 150 3481 -
201 3430 241 3492 ab
261 3428 351 3493 initio
373 3447 442 3494 eam
467 3448 538 3493 cum
561 3429 713 3492 diminuto
735 3429 871 3512 pondere
896 3430 1060 3494 cohaerere
1083 3431 1193 3496 coniiei
1223 3435 1312 3514 pote-

200 3546 250 3612 rit.
297 3546 398 3625 Quam
419 3545 595 3628 opinionem
619 3545 715 3610 etiam
737 3546 859 3610 theoria
880 3546 995 3612 firmat.
1045 3547 1077 3613 si
1101 3549 1183 3613 enim
1217 3551 1312 3616 febris

201 3665 327 3728 auctam
348 3663 500 3728 materiae
521 3662 661 3745 corporis
676 3662 923 3728 combustionem
939 3666 1082 3742 accusat,
1105 3666 1227 3749 pondus
1242 3687 1312 3732 eor·

200 3779 294 3861 poris,
308 3779 497 3845 diminutum
519 3780 559 3844 ad
582 3799 651 3845 eam
672 3779 869 3845 referendum
884 3779 960 3858 fruit,
981 3801 1170 3864 quamquam
1191 3783 1223 3848 in
1246 3787 1312 3850 tam

200 3897 296 3961 variis
324 3896 494 3980 organismi
518 3896 693 3962 rationibus
721 3916 757 3961 ac
779 3916 890 3978 pamm
921 3900 1004 3964 clare
1028 3900 1123 3964 etiam
1152 3904 1219 3967 tum
1240 3923 1311 3985 per-

200 4014 315 4097 spectis
338 4014 509 4079 theoretice
531 4013 741 4078 demonstrari
763 4032 825 4078 non
847 4017 903 4097 pot
926 4016 967 4093 t,
1000 4018 1155 4099 quomodo
1182 4020 1215 4083 id
1245 4020 1313 4084 fieri

201 4130 309 4211 possit,
345 4132 457 4212 Itaque
480 4149 576 4211 quum
590 4149 653 4194 non
674 4131 833 4195 constaret
855 4151 874 4196 a
896 4133 964 4197 sola
984 4133 1069 4198 febre
1084 4135 1218 4217 pendere
1233 4156 1311 4218 pou-

200 4247 284 4312 deris
320 4247 557 4312 diminutionem
595 4248 728 4313 aliarum
759 4268 881 4331 quoque
911 4251 978 4315 eius
1012 4269 1193 4317 caussarum
1230 4254 1310 4320 ratio

199 4364 345 4437 habenda
365 4367 421 4432 est.
