3172 5004
1289 442 1308 504 3

198 626 236 703 ii,
274 636 407 707 quorum
437 622 583 688 valetudo
611 625 684 705 post
710 623 787 687 duas
818 622 868 687 vel
895 625 961 688 tres
978 623 1189 689 hebdomades
1216 624 1309 689 resti-

197 730 269 807 tuta
288 746 369 820 erat,
391 741 470 806 nihil
492 741 639 807 utilitatis
664 741 704 805 ad
724 742 807 804 hunc
822 741 917 804 finem
941 741 1115 818 habebant,
1138 741 1161 805 ii
1183 743 1309 806 tantum

199 861 339 925 adhiberi
361 860 521 941 poterant,
549 858 604 922 ubi
625 860 673 922 ter
697 859 748 923 vel
775 861 885 940 quater
907 858 1039 922 eundem
1061 860 1224 941 aegrotum
1253 879 1308 941 per

198 979 299 1043 morbi
322 979 486 1041 decursum
505 974 598 1039 solito
621 977 761 1057 tempore
783 976 898 1040 librare
926 975 1024 1039 licuit.
1076 977 1187 1057 Itaque
1215 976 1308 1041 multi

199 1113 303 1169 casus,
324 1094 377 1175 qui
392 1094 464 1158 huic
480 1092 650 1157 conditioni
664 1111 726 1156 non
743 1091 975 1168 satisfacerent,
998 1091 1157 1156 reiiciendi
1171 1094 1308 1157 fuerunt.

198 1211 338 1292 Denique
374 1210 555 1275 observatos
583 1228 674 1272 casus
703 1208 816 1272 saltem
846 1226 944 1289 usque
973 1207 1013 1272 ad
1038 1208 1159 1272 finitam
1189 1210 1307 1273 febrem

199 1330 292 1408 atque
315 1327 514 1408 incipientem
541 1324 859 1390 reconvalescentiam
890 1326 921 1388 in
945 1326 1168 1390 observatione
1183 1346 1308 1391 reman-

199 1445 276 1509 sisse
300 1444 472 1525 oportebat.
518 1442 603 1522 eros
628 1461 713 1506 mors
741 1445 835 1508 antea
859 1442 1077 1524 absumpserat
1103 1443 1153 1507 vel
1178 1444 1238 1525 >qui
1271 1464 1307 1508 ex

199 1561 339 1642 qualibet
360 1561 423 1626 alia
442 1580 553 1626 caussa
576 1560 735 1624 observari
756 1559 962 1638 desinierant‚
987 1581 1039 1626 eos
1060 1561 1093 1626 in
1113 1562 1196 1624 hunc
1217 1581 1309 1626 usum

199 1679 438 1743 adducerenon
460 1677 567 1754 licuit,
596 1677 709 1761 quippe
731 1678 785 1761 qui
805 1681 934 1743 certum
965 1663 1204 1744 fundamentum
1226 1679 1308 1743 inter

199 1815 232 1860 se
254 1796 533 1878 comparandorum
562 1796 735 1877 ponderum
763 1796 797 1859 in
820 1796 950 1861 diversis
972 1797 1074 1862 morbi
1099 1798 1209 1861 stadiis
1246 1818 1308 1862 non

176 1915 393 2000 ‚praeberent
441 1915 608 1977 Praeterea
628 1913 709 1977 tales
733 1913 834 1977 solum
859 1933 964 1990 casus,
988 1913 1019 1976 in
1041 1915 1153 1995 quibus
1177 1915 1308 1997 diagno-

199 2031 242 2094 sis
264 2031 350 2094 nullo
373 2031 465 2094 modo
488 2031 556 2093 erat
578 2029 671 2093 dubia
693 2030 725 2092 in
746 2030 996 2094 observationem
1020 2050 1087 2095 esse
1104 2033 1231 2095 vocatos
1253 2050 1308 2113 per

199 2166 232 2210 se
254 2147 451 2230 intelligitur.

288 2264 609 2329 Animadvertendum
628 2266 693 2341 est,
721 2263 902 2329 librationes
925 2285 987 2330 nou
1014 2267 1074 2329 hoc
1096 2265 1157 2329 fine
1179 2264 1271 2329 instit
1294 2300 1309 2312 -

198 2384 248 2447 tas
271 2401 338 2446 esse
365 2385 401 2447 ut
425 2384 484 2446 hae
507 2381 714 2446 discussiones
740 2382 808 2446 fieri
837 2386 974 2464 possent.
1020 2382 1088 2461 Qua
1111 2403 1145 2448 re
1167 2383 1309 2464 quamvis

201 2499 240 2562 ab
264 2499 364 2564 altera
383 2503 471 2582 parte
499 2501 620 2582 integer
651 2500 684 2563 et
712 2500 815 2563 neutri
844 2500 927 2582 parti
958 2500 1100 2565 addictus
1128 2500 1309 2564 observator

202 2616 317 2697 optime
334 2617 510 2681 vindicatus
526 2636 594 2681 esse
614 2617 755 2693 videtur,
776 2618 815 2680 ab
837 2616 938 2681 altera
955 2619 1063 2682 tamen
1083 2620 1173 2698 parte
1191 2617 1308 2681 multas

200 2732 330 2796 lacunas
355 2736 494 2814 explere,
517 2733 619 2798 multa
640 2733 816 2797 accuratius
838 2735 997 2815 explorare
1019 2733 1173 2810 licuisset,
1197 2734 1308 2798 eiiam

201 2850 283 2914 inter
302 2853 386 2932 ipsas
409 2852 642 2917 observationes
666 2851 864 2932 quaestiones
891 2868 973 2913 nunc
1004 2849 1123 2929 positae
1151 2849 1184 2913 in
1205 2851 1308 2915 auimo

201 2968 342 3032 fuissent.
397 2969 544 3051 Inprimis
563 2968 684 3033 multae
711 2948 963 3031 observationum
990 2965 1085 3029 series
1109 2966 1309 3047 perfectiores

201 3085 342 3150 redditae
365 3088 486 3163 esseut,
507 3085 625 3149 multae
648 3076 897 3159 observationes,
917 3101 1000 3147 nunc
1021 3082 1163 3161 inutiles,
1193 3083 1310 3165 aliquid

202 3203 349 3268 utilitatis
377 3205 417 3268 ad
446 3206 588 3268 nostrum
621 3202 715 3266 finem
742 3200 952 3265 retinuissent.
1016 3199 1148 3264 Nonnisi
1173 3201 1309 3283 plurium

202 3341 355 3386 annorum
378 3322 496 3403 spatio,
518 3340 615 3403 parva
635 3322 761 3386 tantum
783 3319 982 3401 aegrotomm
1004 3317 1093 3399 copia
1114 3336 1169 3399 per
1192 3337 1309 3382 annum

201 3439 234 3502 in
263 3439 513 3504 observationem
542 3439 702 3514 veniente,
739 3437 799 3503 hae
829 3435 960 3500 lacunae
990 3433 1105 3515 expleri
1133 3433 1310 3514 potuissent

201 3557 343 3638 repetitis
364 3555 643 3622 observationibus.
688 3553 806 3618 Eadem
827 3570 938 3616 caussa
955 3549 1074 3615 factum
1096 3552 1159 3626 est,
1183 3552 1219 3613 ut
1240 3568 1309 3615 cor-

202 3674 285 3755 poris
308 3675 444 3755 pondere
464 3674 575 3738 octavo
598 3690 720 3754 quoque
743 3670 792 3735 die
814 3668 953 3751 quaesito
984 3666 1085 3731 morbi
1112 3665 1214 3730 stadia
1237 3684 1308 3748 sep-

202 3793 268 3854 tem
291 3791 411 3854 dierum
431 3791 548 3855 directe
570 3789 826 3862 observarentur,
853 3785 1049 3849 intercedens
1075 3802 1148 3866 pars
1170 3783 1309 3864 interpo-

202 3908 319 3971 latione
343 3908 552 3989 quaereretur.
598 3905 658 3971 Sed
682 3907 721 3969 ad
743 3905 836 3987 longe
851 3902 1002 3985 plurimas
1024 3899 1222 3982 quaestiones
1246 3896 1310 3962 sol·

204 4025 334 4101 vendas,
356 4044 435 4106 quae
455 4025 487 4088 in
506 4024 566 4088 hoe
587 4021 696 4087 morbo
719 4020 912 4086 discutiendo
934 4021 1117 4094 occurrunt,
1140 4017 1311 4082 hebdoma-

203 4141 283 4206 dalis
304 4142 430 4207 libratio
452 4142 544 4223 plane
564 4139 688 4205 suflicit.
733 4139 861 4221 Typhus
883 4138 965 4202 enim
986 4135 1119 4200 maxime
1139 4134 1311 4198 hebdoma-

204 4257 287 4322 dalia
302 4261 334 4322 et
350 4256 668 4324 semihebdomadalia
684 4254 787 4320 stadia
796 4255 957 4336 percurrit.
979 4253 1099 4317 Deinde
1108 4250 1311 4316 librationum

203 4396 332 4441 numero
352 4377 410 4441 tali
433 4377 525 4441 modo
546 4373 680 4439 coercito
702 4373 821 4437 multae
850 4375 882 4436 et
906 4370 1054 4434 fortuitae
1079 4367 1312 4434 vaccillatioues

1050 4495 1065 4548 l
1075 4484 1092 4521 =l=
