3172 5004
338 584 439 666 prima
503 592 521 648 2
557 604 648 651 casus
697 590 769 665 0,67
810 585 913 651 medio
948 607 1077 654 numero
1111 599 1185 671 0,33

340 702 524 767 secundas
591 752 609 781 ‚,
676 709 769 780 26,89
858 753 876 782 ,,
1006 755 1060 794 ,Η
1112 717 1185 787 3,84

338 819 433 884 tertia
506 830 524 885 7
591 870 609 897 „
675 826 769 895 28‚85
858 869 874 897 ,‚
1005 872 1022 900 „
1111 832 1184 904 4,12

339 938 450 1017 quarta
508 944 526 999 6
592 986 608 1019 ,,
677 945 769 1014 18,59
859 987 877 1016 ,,
1007 988 1023 1018 ,,
1112 950 1183 1020 3,09

338 1053 448 1135 quinta
505 1060 523 1117 5
591 1103 608 1132 ,‚
676 1061 769 1132 aaoe
855 1103 876 1131 ,,,
1006 1105 1024 1145 ,2
1113 1064 1195 1136 aar.

257 1209 259 1213 '
292 1203 414 1267 Harum
438 1203 691 1269 observationum
714 1225 836 1269 summa
857 1206 894 1269 ut
917 1206 1126 1273 commodiore
1147 1172 1316 1295 conspectu

207 1320 407 1398 exhibeatur,
435 1322 523 1387 brevi
551 1323 660 1388 tabula
688 1341 757 1387 eam
788 1322 1049 1405 comprehendere
1069 1325 1189 1406 placet,
1215 1328 1261 1392 ita
1279 1331 1315 1394 ut

208 1438 286 1502 serie
316 1440 502 1504 horizontali
533 1439 637 1505 media
672 1439 818 1522 ponderis
854 1439 1068 1520 decrementa,
1107 1463 1186 1525 quae
1219 1446 1314 1510 variis

206 1555 308 1619 morbi
327 1556 573 1621 hebdomadibus
600 1556 705 1621 locum
731 1556 849 1620 habent
876 1558 1021 1640 (quarum
1048 1559 1173 1641 quidem
1193 1563 1316 1626 numeri

207 1691 328 1754 semper
350 1693 368 1736 a
389 1674 562 1738 mutatione
582 1674 666 1740 retro
690 1674 862 1756 computati
885 1675 971 1755 sunt)
995 1675 1085 1741 iniis
1107 1678 1239 1755 casibus,
1263 1680 1316 1762 qui

205 1807 261 1869 per
289 1789 373 1853 idem
404 1792 552 1874 temporis
574 1791 711 1873 spatium
739 1791 948 1867 duraverunt3
974 1792 1006 1855 in
1035 1793 1177 1858 verticuli
1209 1796 1314 1860 autern

206 1925 328 1988 quaque
362 1908 440 1973 serie
456 1904 571 1972 ‘media
598 1908 743 1990 ponderis
766 1908 964 1973 decrementa
992 1913 1202 1993 exponantur,
1234 1931 1313 1993 qrrae

204 2026 237 2090 in
266 2028 361 2092 variis
392 2047 520 2093 desumo
551 2026 717 2110 generibus
745 2025 785 2089 ad
807 2025 939 2090 eandem
965 2027 1066 2091 morbi
1087 2027 1314 2093 hebdomadem

205 2145 391 2226 pertineant.
441 2147 551 2227 Itaque
576 2145 613 2208 ut
641 2162 703 2208 uno
734 2143 875 2226 exemplo
905 2143 997 2208 huius
1019 2144 1065 2209 rei
1091 2144 1171 2209 ratio
1200 2144 1314 2210 clarius

205 2262 349 2342 patefiat,
384 2263 495 2327 tertius
521 2280 670 2326 numerus
698 2260 730 2325 in
760 2261 855 2326 tertia
884 2262 963 2327 serie
992 2261 1135 2328 verticali
1165 2261 1313 2340 declarat,
1395 2294 1402 2305 ·

205 2381 358 2460 quantum
378 2379 523 2462 ponderis
547 2379 642 2444 tertia
664 2381 737 2444 aute
760 2379 966 2444 mutationem
993 2379 1187 2444 hebdomade
1209 2378 1314 2461 perdi-

202 2498 271 2560 tum
295 2497 337 2560 sit
364 2496 516 2561 eiusmodi
537 2498 569 2559 in
592 2496 730 2573 casibus,
768 2496 821 2578 qui
849 2496 958 2577 quinta
988 2496 1089 2560 morbi
1119 2496 1313 2561 hebdomade

201 2614 282 2678 febri
302 2613 395 2696 plane
418 2613 544 2679 liberati
566 2613 629 2677 sint
798 2653 811 2665 .
857 2666 871 2701 o
1035 2606 1040 2613 '

354 2806 476 2871 Tabula
500 2808 532 2870 II
650 2860 656 2869 ,

398 2947 468 3032 aar

399 3109 469 3179 aes
559 3108 631 3179 aaa

399 3257 470 3329 aas
560 3256 629 3326 aar
721 3255 792 3327 aas

399 3405 469 3478 1,oo
559 3404 629 3473 3‚41
721 3400 793 3475 ars
884 3396 954 3473 aec

396 3554 469 3624 aaa
561 3550 632 3622 aar
720 3549 793 3621 4,12
884 3551 954 3622 aes
1044 3550 1127 3624 aer.

288 3752 394 3816 Haece
417 3769 454 3814 ex
474 3746 585 3813 tabula
607 3746 633 3810 si
652 3745 756 3828 legem
776 3747 810 3810 et
832 3746 974 3829 regulam
996 3745 1194 3810 decrescendi
1215 3746 1312 3811 dedu-

201 3886 270 3931 cere
291 3867 435 3932 volumus
460 3863 681 3948 gravissimum
705 3864 900 3928 momentum
928 3863 1036 3945 primis
1064 3865 1198 3946 quatuor
1228 3863 1312 3928 ordi·

200 3985 292 4050 nibus
311 3982 559 4049 horizontalibns
580 3980 782 4045 tribuendum
798 3982 856 4045 est.
893 3981 930 4044 In
945 3981 1082 4044 extremo
1106 3979 1189 4044 enim
1205 3981 1312 4044 ordine

201 4120 309 4166 omnes
332 4119 423 4165 casus
445 4100 499 4181 qui
514 4098 630 4163 diutius
653 4097 845 4161 duraverunt
866 4097 1082 4179 comprehensi
1101 4098 1184 4174 suut,
1205 4097 1311 4179 itaque

202 4217 318 4300 singuli
339 4236 401 4281 non
423 4217 490 4280 tam
511 4214 657 4297 aequales
678 4214 759 4277 inter
781 4231 814 4276 se
835 4215 919 4290 sunt,
941 4233 1035 4295 quam
1055 4212 1107 4295 qui
1122 4213 1311 4294 praeceden-

200 4333 285 4398 tibus
308 4333 467 4398 ordinibus
489 4331 685 4396 exhibentnr.
729 4329 862 4392 Accedit
884 4331 965 4411 quod
988 4349 1044 4412 pro
1066 4331 1180 4394 natura
1196 4349 1253 4394 sua
1275 4332 1311 4395 ut
