3172 5004
288 382 330 445 26

286 573 346 636 hoc
371 573 510 654 profecto
540 574 653 638 mirum
685 575 718 639 in
745 577 872 641 modurn
908 575 1070 659 contingit.
1129 577 1213 642 Fieri
1245 576 1392 651 nimirum

287 709 348 755 non
370 692 489 773 potest,
513 694 549 756 ut
572 692 650 757 istas
671 712 778 759 omnes
800 714 911 759 curvas
933 693 1082 760 hocloco
1106 694 1327 777 depingamus,
1357 696 1389 758 at

287 828 322 872 ex
354 828 389 873 eo
417 828 545 874 numero
582 810 728 893 cuiusque
756 812 880 895 generis
907 811 1047 894 exempla
1076 811 1228 881 nonnulla
1258 811 1390 895 elegisse

287 926 431 991 sufficiat.

373 1076 574 1160 Figuramm
613 1096 690 1158 quas
725 1079 757 1141 in
790 1078 898 1143 tabula
929 1078 1001 1143 huic
1032 1078 1242 1144 dissertationi
1271 1080 1392 1144 adnexa

285 1194 424 1277 depictas
460 1194 580 1259 invenis
614 1193 715 1276 prima
751 1197 783 1259 et
818 1195 954 1260 secunda
980 1196 1099 1278 primae
1133 1215 1262 1262 casuum
1297 1196 1392 1261 classi

285 1313 492 1395 respondent,
524 1311 678 1376 secundae
700 1311 793 1377 classi
812 1313 907 1378 tertia
930 1315 962 1377 et
983 1315 1112 1395 quarta,
1140 1314 1252 1380 tertiae
1282 1314 1392 1395 quinta

285 1433 317 1495 et
340 1432 446 1495 sexta.
471 1430 601 1511 quartae
621 1429 754 1511 septima
776 1434 808 1496 et
830 1433 955 1506 octava,
978 1432 1105 1514 quintae
1125 1432 1231 1496 autem
1253 1451 1334 1496 nona
1355 1450 1391 1495 ac

285 1547 413 1612 decima.
470 1548 508 1611 In
539 1548 651 1630 quibus
685 1549 804 1613 moneri
828 1549 937 1627 velim,
972 1551 1009 1614 ut
1039 1551 1168 1635 exiguae
1197 1550 1230 1613 in
1259 1551 1390 1614 decursu

285 1664 525 1743 abnormitates‚
560 1685 692 1747 quarum
726 1686 819 1750 supra
847 1668 909 1732 iarn
937 1668 1126 1733 mentionem
1163 1668 1293 1732 fecimus
1322 1666 1390 1730 ani-

284 1785 529 1849 madvertantur.
580 1784 662 1847 Hinc
691 1784 839 1861 efficitur,
871 1805 923 1850 eas
951 1806 1013 1849 non
1043 1786 1170 1851 fortuito
1201 1787 1326 1850 tantum
1354 1804 1390 1849 ex

283 1920 483 1967 numerorum
501 1901 701 1983 dispositione
717 1904 809 1967 natas
825 1903 879 1966 sed
899 1921 1027 1967 casuum
1049 1903 1165 1968 diutius
1186 1921 1390 1985 perseveran-

284 2019 363 2082 tium
384 2018 524 2101 proprias
546 2021 766 2085 existimandas
792 2039 868 2085 esse.

371 2184 430 2248 His
453 2185 555 2250 curvis
579 2185 781 2251 consideratis
797 2186 1029 2250 decrementum
1050 2185 1194 2267 ponderis
1209 2184 1390 2249 continuum

284 2322 351 2368 esse
380 2303 545 2367 manifesto
579 2304 716 2383 docetur.
770 2304 884 2368 Paucis
906 2303 1122 2368 tantummodo
1151 2303 1227 2367 locis
1251 2322 1338 2367 acres
1359 2305 1391 2367 et

284 2440 410 2503 asperos
438 2419 570 2505 angulos
594 2420 785 2496 invenimus,
813 2422 990 2502 repentinos
1021 2440 1057 2485 ex
1088 2420 1188 2485 altera
1217 2421 1385 2485 directione

282 2539 315 2602 in
337 2540 468 2603 alteram
488 2538 639 2602 transitus
670 2540 701 2601 et
724 2539 750 2602 si
772 2539 824 2621 qui
847 2540 1013 2603 occurrunt
1036 2539 1067 2602 in
1088 2538 1201 2603 finibus
1223 2538 1386 2602 dumtaxat

284 2676 463 2731 curvarum,
502 2653 744 2719 commutatione
770 2656 826 2720 illa
856 2655 983 2721 iamiam
1011 2657 1187 2739 impedente
1220 2655 1270 2719 vel
1301 2656 1385 2720 intra

284 2777 455 2840 extremam
477 2774 626 2855 temporis
641 2772 801 2854 periodum
824 2773 916 2837 iacta.
956 2776 1001 2838 Ex
1023 2775 1085 2838 ista
1106 2774 1204 2857 igitur
1220 2793 1385 2838 curvarum

284 2892 487 2957 continuitate
517 2910 660 2956 caussam
689 2893 838 2973 perpetuo
865 2891 896 2954 et
918 2891 1057 2973 legitime
1080 2891 1235 2956 valentem
1260 2892 1385 2955 subesse

284 3010 467 3074 concludere
501 3009 576 3073 licet
603 3011 635 3073 et
668 3027 704 3072 ea
734 3008 858 3090 quidem
890 3009 1087 3074 decrementa
1124 3009 1269 3091 ponderis
1306 3008 1386 3073 effici

283 3146 411 3209 eamque
433 3127 651 3211 progrediente
674 3126 781 3192 morbo
802 3126 903 3209 magis
924 3126 1085 3210 magisque
1107 3127 1273 3204 delibitari‚
1299 3127 1385 3192 deni-

283 3264 342 3326 que
363 3265 433 3309 cum
456 3246 534 3309 febri
556 3244 650 3309 simul
671 3244 835 3326 exstingui.

370 3395 537 3459 Praeterea
571 3392 818 3477 contemplandis
850 3393 952 3458 curris
987 3396 1097 3458 mutua
1128 3410 1249 3474 quoque
1279 3409 1384 3455 earum

283 3513 452 3578 similitudo
474 3512 639 3577 manifesta
657 3512 851 3594 perspicitur.
897 3511 1045 3591 Quamvis
1068 3509 1186 3592 primae
1206 3509 1237 3571 et
1259 3506 1384 3589 quintae

283 3630 391 3695 classis
418 3649 530 3695 curvae
558 3631 657 3712 primo
680 3630 829 3715 adspectu
850 3649 943 3713 quam
966 3628 1097 3693 maxime
1119 3626 1201 3689 inter
1226 3643 1258 3690 se
1282 3622 1384 3686 diver-

283 3768 335 3813 sae
356 3768 422 3814 esse
446 3749 623 3826 videantur,
644 3750 749 3813 tamen
771 3747 964 3831 singularum
986 3762 1150 3809 curvarum
1164 3742 1248 3806 haud
1269 3756 1384 3823 paucas

282 3868 423 3951 proprios
443 3866 521 3930 fines
542 3867 589 3931 ita
611 3866 786 3950 transgredi
812 3865 959 3940 videmus,
978 3864 1014 3926 ut
1037 3878 1257 3943 saepenumero
1278 3860 1383 3922 utrum

282 3985 388 4067 aliqua
417 4003 512 4049 curva
531 3984 564 4048 in
591 3985 672 4049 hanc
693 4003 732 4049 an
755 3982 788 4046 in
815 3981 903 4046 illam
926 3979 1057 4045 classem
1081 3976 1241 4042 referenda
1263 3975 1305 4039 sit
1327 3973 1385 4037 du-

283 4104 383 4167 bitare
403 4102 513 4184 possis.
559 4103 604 4169 Ex
626 4100 682 4165 illa
703 4102 808 4165 autem
830 4097 969 4182 generali
996 4114 1159 4160 curvarum
1182 4091 1384 4157 similitudine

283 4219 512 4303 parallelismus
535 4237 655 4301 quoque
676 4217 815 4298 sequitur
838 4215 870 4280 in
897 4214 1052 4298 plerisque
1080 4214 1182 4278 curvis
1210 4215 1323 4279 mirum
1351 4211 1385 4276 in

284 4337 410 4402 modum
439 4356 601 4419 expressus
622 4354 718 4419 eoque
745 4354 860 4399 norum
891 4334 985 4399 etiam
1008 4336 1226 4418 argumentum
1251 4331 1385 4407 additur,
