<?xml version="1.0" encoding="UTF-8"?>
<!DOCTYPE html PUBLIC "-//W3C//DTD XHTML 1.0 Transitional//EN"
    "http://www.w3.org/TR/xhtml1/DTD/xhtml1-transitional.dtd">
<html xmlns="http://www.w3.org/1999/xhtml" xml:lang="en" lang="en">
 <head>
  <title>
</title>
<meta http-equiv="Content-Type" content="text/html;charset=utf-8" />
  <meta name='ocr-system' content='tesseract 3.04.00' />
  <meta name='ocr-capabilities' content='ocr_page ocr_carea ocr_par ocr_line ocrx_word'/>
</head>
<body>
  <div class='ocr_page' id='page_1' title='image "./decorporisponde00eichgoog_0035.png"; bbox 0 0 3172 5004; ppageno 0'>
   <div class='ocr_carea' id='block_1_1' title="bbox 271 619 1387 4361">
    <p class='ocr_par' dir='ltr' id='par_1_1' title="bbox 272 619 1383 921">
     <span class='ocr_line' id='line_1_1' title="bbox 272 619 1382 703; baseline 0.002 -19"><span class='ocrx_word' id='word_1_1' title='bbox 272 620 441 686; x_wconf 87' lang='lat' dir='ltr'>minuatur.</span> <span class='ocrx_word' id='word_1_2' title='bbox 491 620 632 702; x_wconf 82' lang='lat' dir='ltr'>Denique</span> <span class='ocrx_word' id='word_1_3' title='bbox 661 619 754 685; x_wconf 92' lang='lat' dir='ltr'>sicuti</span> <span class='ocrx_word' id='word_1_4' title='bbox 776 620 937 703; x_wconf 84' lang='lat' dir='ltr'>graviores</span> <span class='ocrx_word' id='word_1_5' title='bbox 960 620 1065 684; x_wconf 86' lang='lat' dir='ltr'>casus</span> <span class='ocrx_word' id='word_1_6' title='bbox 1081 640 1101 684; x_wconf 92' lang='lat' dir='ltr'>a</span> <span class='ocrx_word' id='word_1_7' title='bbox 1120 620 1292 686; x_wconf 84' lang='lat' dir='ltr'>levioribus</span> <span class='ocrx_word' id='word_1_8' title='bbox 1315 641 1382 686; x_wconf 89' lang='lat' dir='ltr'>ma-</span> 
     </span>
     <span class='ocr_line' id='line_1_2' title="bbox 273 737 1383 822; baseline 0.001 -19"><span class='ocrx_word' id='word_1_9' title='bbox 273 739 436 822; x_wconf 80' lang='lat' dir='ltr'>gnitudine</span> <span class='ocrx_word' id='word_1_10' title='bbox 463 737 653 804; x_wconf 80' lang='lat' dir='ltr'>decrementi</span> <span class='ocrx_word' id='word_1_11' title='bbox 680 737 825 821; x_wconf 91' lang='lat' dir='ltr'>ponderis</span> <span class='ocrx_word' id='word_1_12' title='bbox 853 738 898 803; x_wconf 90' lang='lat' dir='ltr'>ita</span> <span class='ocrx_word' id='word_1_13' title='bbox 926 737 1022 803; x_wconf 90' lang='lat' dir='ltr'>etiam</span> <span class='ocrx_word' id='word_1_14' title='bbox 1057 738 1153 803; x_wconf 90' lang='lat' dir='ltr'>febris</span> <span class='ocrx_word' id='word_1_15' title='bbox 1182 739 1294 804; x_wconf 88' lang='lat' dir='ltr'>ardore</span> <span class='ocrx_word' id='word_1_16' title='bbox 1323 739 1383 804; x_wconf 91' lang='lat' dir='ltr'>dif-</span> 
     </span>
     <span class='ocr_line' id='line_1_3' title="bbox 273 855 389 921; baseline 0.009 -1"><span class='ocrx_word' id='word_1_17' title='bbox 273 855 389 921; x_wconf 86' lang='lat' dir='ltr'>ferunt.</span> 
     </span>
    </p>

    <p class='ocr_par' dir='ltr' id='par_1_2' title="bbox 271 974 1384 2946">
     <span class='ocr_line' id='line_1_4' title="bbox 359 974 1382 1059; baseline 0 -19"><span class='ocrx_word' id='word_1_18' title='bbox 359 974 404 1040; x_wconf 82' lang='lat' dir='ltr'>At</span> <span class='ocrx_word' id='word_1_19' title='bbox 433 975 591 1040; x_wconf 82' lang='lat' dir='ltr'>enimvero</span> <span class='ocrx_word' id='word_1_20' title='bbox 619 974 664 1039; x_wconf 91' lang='lat' dir='ltr'>nil</span> <span class='ocrx_word' id='word_1_21' title='bbox 695 975 795 1041; x_wconf 85' lang='lat' dir='ltr'>aliud</span> <span class='ocrx_word' id='word_1_22' title='bbox 813 976 915 1041; x_wconf 88' lang='lat' dir='ltr'>adhuc</span> <span class='ocrx_word' id='word_1_23' title='bbox 945 976 1125 1059; x_wconf 88' lang='lat' dir='ltr'>praedicare</span> <span class='ocrx_word' id='word_1_24' title='bbox 1151 975 1227 1039; x_wconf 90' lang='lat' dir='ltr'>licet</span> <span class='ocrx_word' id='word_1_25' title='bbox 1256 974 1318 1039; x_wconf 89' lang='lat' dir='ltr'>nisi</span> <span class='ocrx_word' id='word_1_26' title='bbox 1340 975 1382 1040; x_wconf 92' lang='lat' dir='ltr'>in</span> 
     </span>
     <span class='ocr_line' id='line_1_5' title="bbox 272 1092 1384 1178; baseline 0.001 -21"><span class='ocrx_word' id='word_1_27' title='bbox 272 1092 451 1158; x_wconf 85' lang='lat' dir='ltr'>universum</span> <span class='ocrx_word' id='word_1_28' title='bbox 477 1093 538 1158; x_wconf 89' lang='lat' dir='ltr'>illa</span> <span class='ocrx_word' id='word_1_29' title='bbox 563 1112 744 1178; x_wconf 83' lang='lat' dir='ltr'>congmere.</span> <span class='ocrx_word' id='word_1_30' title='bbox 800 1094 951 1158; x_wconf 76' lang='lat' dir='ltr'>Rationes</span> <span class='ocrx_word' id='word_1_31' title='bbox 980 1094 1062 1158; x_wconf 89' lang='lat' dir='ltr'>enim</span> <span class='ocrx_word' id='word_1_32' title='bbox 1093 1094 1325 1175; x_wconf 77' lang='lat' dir='ltr'>temperaturae</span> <span class='ocrx_word' id='word_1_33' title='bbox 1348 1095 1384 1158; x_wconf 94' lang='lat' dir='ltr'>ut</span> 
     </span>
     <span class='ocr_line' id='line_1_6' title="bbox 273 1210 1383 1294; baseline 0 -19"><span class='ocrx_word' id='word_1_34' title='bbox 273 1212 417 1275; x_wconf 86' lang='lat' dir='ltr'>accurate</span> <span class='ocrx_word' id='word_1_35' title='bbox 444 1212 623 1292; x_wconf 80' lang='lat' dir='ltr'>exploratae</span> <span class='ocrx_word' id='word_1_36' title='bbox 653 1213 743 1287; x_wconf 84' lang='lat' dir='ltr'>sunt,</span> <span class='ocrx_word' id='word_1_37' title='bbox 777 1212 823 1276; x_wconf 90' lang='lat' dir='ltr'>ita</span> <span class='ocrx_word' id='word_1_38' title='bbox 850 1212 1039 1276; x_wconf 80' lang='lat' dir='ltr'>decrementi</span> <span class='ocrx_word' id='word_1_39' title='bbox 1067 1211 1213 1294; x_wconf 89' lang='lat' dir='ltr'>ponderis</span> <span class='ocrx_word' id='word_1_40' title='bbox 1246 1210 1383 1275; x_wconf 89' lang='lat' dir='ltr'>rationes</span> 
     </span>
     <span class='ocr_line' id='line_1_7' title="bbox 271 1326 1383 1412; baseline -0.001 -20"><span class='ocrx_word' id='word_1_41' title='bbox 271 1326 383 1410; x_wconf 87' lang='lat' dir='ltr'>parnm&#39;</span> <span class='ocrx_word' id='word_1_42' title='bbox 411 1330 591 1411; x_wconf 86' lang='lat' dir='ltr'>perspectas</span> <span class='ocrx_word' id='word_1_43' title='bbox 618 1329 781 1393; x_wconf 88' lang='lat' dir='ltr'>habemus.</span> <span class='ocrx_word' id='word_1_44' title='bbox 837 1328 1006 1412; x_wconf 79' lang='lat' dir='ltr'>Praecipue</span> <span class='ocrx_word' id='word_1_45' title='bbox 1028 1330 1171 1395; x_wconf 90' lang='lat' dir='ltr'>omnibus</span> <span class='ocrx_word' id='word_1_46' title='bbox 1195 1328 1383 1394; x_wconf 86' lang='lat' dir='ltr'>adiumentis</span> 
     </span>
     <span class='ocr_line' id='line_1_8' title="bbox 273 1445 1382 1531; baseline 0 -21"><span class='ocrx_word' id='word_1_47' title='bbox 273 1465 431 1522; x_wconf 89' lang='lat' dir='ltr'>caremus,</span> <span class='ocrx_word' id='word_1_48' title='bbox 460 1447 573 1528; x_wconf 88' lang='lat' dir='ltr'>quibus</span> <span class='ocrx_word' id='word_1_49' title='bbox 601 1448 756 1529; x_wconf 89' lang='lat' dir='ltr'>quatenus</span> <span class='ocrx_word' id='word_1_50' title='bbox 785 1446 927 1531; x_wconf 82' lang='lat' dir='ltr'>singulae</span> <span class='ocrx_word' id='word_1_51' title='bbox 954 1447 1061 1528; x_wconf 90' lang='lat' dir='ltr'>partes</span> <span class='ocrx_word' id='word_1_52' title='bbox 1088 1447 1252 1512; x_wconf 88' lang='lat' dir='ltr'>universae</span> <span class='ocrx_word' id='word_1_53' title='bbox 1275 1445 1382 1510; x_wconf 88' lang='lat' dir='ltr'>decre-</span> 
     </span>
     <span class='ocr_line' id='line_1_9' title="bbox 272 1563 1380 1649; baseline -0.002 -21"><span class='ocrx_word' id='word_1_54' title='bbox 272 1564 371 1629; x_wconf 89' lang='lat' dir='ltr'>menti</span> <span class='ocrx_word' id='word_1_55' title='bbox 405 1583 544 1631; x_wconf 87' lang='lat' dir='ltr'>summae</span> <span class='ocrx_word' id='word_1_56' title='bbox 577 1564 744 1649; x_wconf 87' lang='lat' dir='ltr'>participes</span> <span class='ocrx_word' id='word_1_57' title='bbox 778 1584 846 1630; x_wconf 89' lang='lat' dir='ltr'>esse</span> <span class='ocrx_word' id='word_1_58' title='bbox 889 1564 1054 1630; x_wconf 86' lang='lat' dir='ltr'>videantur</span> <span class='ocrx_word' id='word_1_59' title='bbox 1096 1564 1226 1630; x_wconf 88' lang='lat' dir='ltr'>iudicari</span> <span class='ocrx_word' id='word_1_60' title='bbox 1272 1563 1380 1646; x_wconf 89' lang='lat' dir='ltr'>possit.</span> 
     </span>
     <span class='ocr_line' id='line_1_10' title="bbox 272 1682 1381 1765; baseline -0.001 -19"><span class='ocrx_word' id='word_1_61' title='bbox 272 1682 369 1747; x_wconf 84' lang='lat' dir='ltr'>Deest</span> <span class='ocrx_word' id='word_1_62' title='bbox 392 1682 493 1748; x_wconf 92' lang='lat' dir='ltr'>omnis</span> <span class='ocrx_word' id='word_1_63' title='bbox 516 1682 604 1765; x_wconf 89' lang='lat' dir='ltr'>copia</span> <span class='ocrx_word' id='word_1_64' title='bbox 628 1684 661 1748; x_wconf 91' lang='lat' dir='ltr'>et</span> <span class='ocrx_word' id='word_1_65' title='bbox 682 1683 817 1749; x_wconf 84' lang='lat' dir='ltr'>facultas</span> <span class='ocrx_word' id='word_1_66' title='bbox 830 1684 1063 1750; x_wconf 89' lang='lat' dir='ltr'>decrementum</span> <span class='ocrx_word' id='word_1_67' title='bbox 1086 1684 1126 1748; x_wconf 91' lang='lat' dir='ltr'>ad</span> <span class='ocrx_word' id='word_1_68' title='bbox 1147 1683 1250 1748; x_wconf 86' lang='lat' dir='ltr'>certas</span> <span class='ocrx_word' id='word_1_69' title='bbox 1272 1699 1381 1763; x_wconf 89' lang='lat' dir='ltr'>corpo·</span> 
     </span>
     <span class='ocr_line' id='line_1_11' title="bbox 272 1799 1381 1884; baseline -0.001 -20"><span class='ocrx_word' id='word_1_70' title='bbox 272 1799 316 1864; x_wconf 91' lang='lat' dir='ltr'>ris</span> <span class='ocrx_word' id='word_1_71' title='bbox 334 1800 505 1882; x_wconf 91' lang='lat' dir='ltr'>particulas</span> <span class='ocrx_word' id='word_1_72' title='bbox 527 1801 694 1871; x_wconf 86' lang='lat' dir='ltr'>reducendi</span> <span class='ocrx_word' id='word_1_73' title='bbox 715 1803 748 1867; x_wconf 91' lang='lat' dir='ltr'>et</span> <span class='ocrx_word' id='word_1_74' title='bbox 770 1801 975 1867; x_wconf 89' lang='lat' dir='ltr'>distribuendi</span> <span class='ocrx_word' id='word_1_75' title='bbox 991 1840 1031 1847; x_wconf 85' lang='lat'><em>-</em></span> <span class='ocrx_word' id='word_1_76' title='bbox 1054 1803 1142 1867; x_wconf 90' lang='lat' dir='ltr'>deest</span> <span class='ocrx_word' id='word_1_77' title='bbox 1163 1800 1261 1884; x_wconf 84' lang='lat' dir='ltr'>igitur</span> <span class='ocrx_word' id='word_1_78' title='bbox 1282 1800 1381 1864; x_wconf 89' lang='lat' dir='ltr'>facul-</span> 
     </span>
     <span class='ocr_line' id='line_1_12' title="bbox 272 1908 1381 2001; baseline 0 -20"><span class='ocrx_word' id='word_1_79' title='bbox 272 1908 323 1982; x_wconf 90' lang='lat' dir='ltr'>tas</span> <span class='ocrx_word' id='word_1_80' title='bbox 341 1917 469 1983; x_wconf 87' lang='lat' dir='ltr'>intimas</span> <span class='ocrx_word' id='word_1_81' title='bbox 490 1919 639 1996; x_wconf 83' lang='lat' dir='ltr'>rationes,</span> <span class='ocrx_word' id='word_1_82' title='bbox 663 1938 741 2001; x_wconf 86' lang='lat' dir='ltr'>quae</span> <span class='ocrx_word' id='word_1_83' title='bbox 763 1918 845 1984; x_wconf 90' lang='lat' dir='ltr'>inter</span> <span class='ocrx_word' id='word_1_84' title='bbox 868 1920 1117 1986; x_wconf 89' lang='lat' dir='ltr'>consumtionem</span> <span class='ocrx_word' id='word_1_85' title='bbox 1134 1920 1169 1984; x_wconf 88' lang='lat' dir='ltr'>et</span> <span class='ocrx_word' id='word_1_86' title='bbox 1188 1919 1344 2001; x_wconf 87' lang='lat' dir='ltr'>temperat</span> <span class='ocrx_word' id='word_1_87' title='bbox 1366 1953 1381 1966; x_wconf 94' lang='lat'>-</span> 
     </span>
     <span class='ocr_line' id='line_1_13' title="bbox 273 2036 1381 2120; baseline 0 -21"><span class='ocrx_word' id='word_1_88' title='bbox 273 2055 341 2100; x_wconf 90' lang='lat' dir='ltr'>ram</span> <span class='ocrx_word' id='word_1_89' title='bbox 368 2039 602 2102; x_wconf 89' lang='lat' dir='ltr'>consumtarum</span> <span class='ocrx_word' id='word_1_90' title='bbox 631 2037 767 2120; x_wconf 90' lang='lat' dir='ltr'>partium</span> <span class='ocrx_word' id='word_1_91' title='bbox 789 2038 1003 2103; x_wconf 88' lang='lat' dir='ltr'>combustione</span> <span class='ocrx_word' id='word_1_92' title='bbox 1028 2040 1153 2104; x_wconf 90' lang='lat' dir='ltr'>auctam</span> <span class='ocrx_word' id='word_1_93' title='bbox 1175 2036 1381 2112; x_wconf 88' lang='lat' dir='ltr'>intercedunt,</span> 
     </span>
     <span class='ocr_line' id='line_1_14' title="bbox 272 2153 1381 2238; baseline -0.001 -20"><span class='ocrx_word' id='word_1_94' title='bbox 272 2155 487 2236; x_wconf 88' lang='lat' dir='ltr'>persequendi.</span> <span class='ocrx_word' id='word_1_95' title='bbox 548 2154 678 2220; x_wconf 87' lang='lat' dir='ltr'>Definiri</span> <span class='ocrx_word' id='word_1_96' title='bbox 703 2156 826 2237; x_wconf 88' lang='lat' dir='ltr'>oportet</span> <span class='ocrx_word' id='word_1_97' title='bbox 852 2175 928 2220; x_wconf 91' lang='lat' dir='ltr'>num</span> <span class='ocrx_word' id='word_1_98' title='bbox 965 2158 1198 2223; x_wconf 89' lang='lat' dir='ltr'>decrementum</span> <span class='ocrx_word' id='word_1_99' title='bbox 1236 2153 1381 2238; x_wconf 87' lang='lat' dir='ltr'>ponderis</span> 
     </span>
     <span class='ocr_line' id='line_1_15' title="bbox 274 2271 1380 2355; baseline 0 -19"><span class='ocrx_word' id='word_1_100' title='bbox 274 2271 333 2336; x_wconf 84' lang='lat' dir='ltr'>soli</span> <span class='ocrx_word' id='word_1_101' title='bbox 356 2272 580 2339; x_wconf 89' lang='lat' dir='ltr'>combustionis</span> <span class='ocrx_word' id='word_1_102' title='bbox 595 2272 700 2337; x_wconf 85' lang='lat' dir='ltr'>auctui</span> <span class='ocrx_word' id='word_1_103' title='bbox 719 2273 958 2340; x_wconf 87' lang='lat' dir='ltr'>adscribendum</span> <span class='ocrx_word' id='word_1_104' title='bbox 980 2274 1029 2340; x_wconf 93' lang='lat' dir='ltr'>sit.</span> <span class='ocrx_word' id='word_1_105' title='bbox 1075 2275 1165 2355; x_wconf 81' lang='lat' dir='ltr'>Quod</span> <span class='ocrx_word' id='word_1_106' title='bbox 1180 2275 1207 2340; x_wconf 92' lang='lat' dir='ltr'>si</span> <span class='ocrx_word' id='word_1_107' title='bbox 1225 2274 1272 2339; x_wconf 92' lang='lat' dir='ltr'>ita</span> <span class='ocrx_word' id='word_1_108' title='bbox 1288 2274 1380 2348; x_wconf 83' lang='lat' dir='ltr'>esset,</span> 
     </span>
     <span class='ocr_line' id='line_1_16' title="bbox 275 2390 1381 2474; baseline 0 -20"><span class='ocrx_word' id='word_1_109' title='bbox 275 2390 365 2467; x_wconf 80' lang='lat' dir='ltr'>dum,</span> <span class='ocrx_word' id='word_1_110' title='bbox 394 2390 550 2455; x_wconf 91' lang='lat' dir='ltr'>siminus</span> <span class='ocrx_word' id='word_1_111' title='bbox 578 2390 808 2473; x_wconf 88' lang='lat' dir='ltr'>temperaturae</span> <span class='ocrx_word' id='word_1_112' title='bbox 833 2396 960 2458; x_wconf 90' lang='lat' dir='ltr'>auctum</span> <span class='ocrx_word' id='word_1_113' title='bbox 989 2394 1095 2457; x_wconf 87' lang='lat' dir='ltr'>tamen</span> <span class='ocrx_word' id='word_1_114' title='bbox 1126 2410 1219 2474; x_wconf 90' lang='lat' dir='ltr'>super</span> <span class='ocrx_word' id='word_1_115' title='bbox 1242 2391 1381 2456; x_wconf 89' lang='lat' dir='ltr'>additam</span> 
     </span>
     <span class='ocr_line' id='line_1_17' title="bbox 274 2507 1382 2592; baseline -0.001 -19"><span class='ocrx_word' id='word_1_116' title='bbox 274 2507 386 2574; x_wconf 89' lang='lat' dir='ltr'>caloris</span> <span class='ocrx_word' id='word_1_117' title='bbox 406 2507 615 2592; x_wconf 77' lang='lat' dir='ltr'>quantitatem</span> <span class='ocrx_word' id='word_1_118' title='bbox 639 2527 709 2573; x_wconf 91' lang='lat' dir='ltr'>cum</span> <span class='ocrx_word' id='word_1_119' title='bbox 731 2509 950 2576; x_wconf 88' lang='lat' dir='ltr'>amissionibus</span> <span class='ocrx_word' id='word_1_120' title='bbox 978 2530 1100 2576; x_wconf 90' lang='lat' dir='ltr'>massae</span> <span class='ocrx_word' id='word_1_121' title='bbox 1131 2511 1276 2576; x_wconf 86' lang='lat' dir='ltr'>accurate</span> <span class='ocrx_word' id='word_1_122' title='bbox 1309 2528 1382 2573; x_wconf 90' lang='lat' dir='ltr'>con-</span> 
     </span>
     <span class='ocr_line' id='line_1_18' title="bbox 274 2625 1382 2712; baseline -0.001 -20"><span class='ocrx_word' id='word_1_123' title='bbox 274 2646 385 2710; x_wconf 85' lang='lat' dir='ltr'>gruere</span> <span class='ocrx_word' id='word_1_124' title='bbox 409 2638 535 2693; x_wconf 89' lang='lat' dir='ltr'>necesse</span> <span class='ocrx_word' id='word_1_125' title='bbox 558 2627 650 2691; x_wconf 87' lang='lat' dir='ltr'>esset.</span> <span class='ocrx_word' id='word_1_126' title='bbox 696 2625 756 2691; x_wconf 87' lang='lat' dir='ltr'>Sed</span> <span class='ocrx_word' id='word_1_127' title='bbox 776 2626 907 2692; x_wconf 82' lang='lat' dir='ltr'>forsitan</span> <span class='ocrx_word' id='word_1_128' title='bbox 938 2630 1008 2695; x_wconf 91' lang='lat' dir='ltr'>aliis</span> <span class='ocrx_word' id='word_1_129' title='bbox 1031 2648 1153 2712; x_wconf 89' lang='lat' dir='ltr'>quoque</span> <span class='ocrx_word' id='word_1_130' title='bbox 1175 2629 1268 2693; x_wconf 92' lang='lat' dir='ltr'>rebus</span> <span class='ocrx_word' id='word_1_131' title='bbox 1291 2645 1382 2709; x_wconf 89' lang='lat' dir='ltr'>prae·</span> 
     </span>
     <span class='ocr_line' id='line_1_19' title="bbox 274 2743 1383 2841; baseline 0.001 -33"><span class='ocrx_word' id='word_1_132' title='bbox 274 2746 323 2811; x_wconf 87' lang='lat' dir='ltr'>ter</span> <span class='ocrx_word' id='word_1_133' title='bbox 351 2748 475 2812; x_wconf 89' lang='lat' dir='ltr'>auctam</span> <span class='ocrx_word' id='word_1_134' title='bbox 506 2744 753 2841; x_wconf 81' lang='lat' dir='ltr'>combustionem</span> <span class='ocrx_word' id='word_1_135' title='bbox 772 2746 893 2828; x_wconf 90' lang='lat' dir='ltr'>pondus</span> <span class='ocrx_word' id='word_1_136' title='bbox 920 2746 1057 2828; x_wconf 88' lang='lat' dir='ltr'>corporis</span> <span class='ocrx_word' id='word_1_137' title='bbox 1084 2746 1253 2810; x_wconf 90' lang='lat' dir='ltr'>minuatur.</span> <span class='ocrx_word' id='word_1_138' title='bbox 1300 2743 1383 2809; x_wconf 78' lang='lat' dir='ltr'>Fieri</span> 
     </span>
     <span class='ocr_line' id='line_1_20' title="bbox 274 2860 853 2946; baseline 0 -20"><span class='ocrx_word' id='word_1_139' title='bbox 274 2860 308 2926; x_wconf 92' lang='lat' dir='ltr'>id</span> <span class='ocrx_word' id='word_1_140' title='bbox 329 2880 436 2945; x_wconf 91' lang='lat' dir='ltr'>posse,</span> <span class='ocrx_word' id='word_1_141' title='bbox 458 2863 528 2946; x_wconf 87' lang='lat' dir='ltr'>quis</span> <span class='ocrx_word' id='word_1_142' title='bbox 548 2864 613 2939; x_wconf 85' lang='lat' dir='ltr'>est,</span> <span class='ocrx_word' id='word_1_143' title='bbox 633 2861 686 2944; x_wconf 87' lang='lat' dir='ltr'>qui</span> <span class='ocrx_word' id='word_1_144' title='bbox 709 2861 853 2928; x_wconf 77' lang='lat' dir='ltr'>dubitet?</span> 
     </span>
    </p>

    <p class='ocr_par' dir='ltr' id='par_1_3' title="bbox 275 2976 1387 4361">
     <span class='ocr_line' id='line_1_21' title="bbox 361 2976 1380 3062; baseline -0.001 -16"><span class='ocrx_word' id='word_1_145' title='bbox 361 2980 459 3062; x_wconf 87' lang='lat' dir='ltr'>Atqui</span> <span class='ocrx_word' id='word_1_146' title='bbox 477 2982 539 3046; x_wconf 90' lang='lat' dir='ltr'>hoc</span> <span class='ocrx_word' id='word_1_147' title='bbox 558 2979 683 3062; x_wconf 89' lang='lat' dir='ltr'>quidem</span> <span class='ocrx_word' id='word_1_148' title='bbox 705 2979 774 3043; x_wconf 88' lang='lat' dir='ltr'>loco</span> <span class='ocrx_word' id='word_1_149' title='bbox 796 2980 864 3045; x_wconf 87' lang='lat' dir='ltr'>fieri</span> <span class='ocrx_word' id='word_1_150' title='bbox 885 2978 951 3044; x_wconf 87' lang='lat' dir='ltr'>veri</span> <span class='ocrx_word' id='word_1_151' title='bbox 973 2982 1021 3043; x_wconf 91' lang='lat' dir='ltr'>est</span> <span class='ocrx_word' id='word_1_152' title='bbox 1043 2976 1247 3055; x_wconf 84' lang='lat' dir='ltr'>simillimum.</span> <span class='ocrx_word' id='word_1_153' title='bbox 1293 2979 1380 3059; x_wconf 77' lang='lat' dir='ltr'>Quae</span> 
     </span>
     <span class='ocr_line' id='line_1_22' title="bbox 276 3094 1386 3180; baseline -0.005 -16"><span class='ocrx_word' id='word_1_154' title='bbox 276 3098 410 3180; x_wconf 89' lang='lat' dir='ltr'>suspicio</span> <span class='ocrx_word' id='word_1_155' title='bbox 432 3098 553 3163; x_wconf 87' lang='lat' dir='ltr'>duabus</span> <span class='ocrx_word' id='word_1_156' title='bbox 574 3095 747 3161; x_wconf 88' lang='lat' dir='ltr'>rationibus</span> <span class='ocrx_word' id='word_1_157' title='bbox 776 3096 960 3162; x_wconf 90' lang='lat' dir='ltr'>defenditur.</span> <span class='ocrx_word' id='word_1_158' title='bbox 1012 3098 1152 3163; x_wconf 88' lang='lat' dir='ltr'>Primum</span> <span class='ocrx_word' id='word_1_159' title='bbox 1181 3094 1264 3160; x_wconf 90' lang='lat' dir='ltr'>enim</span> <span class='ocrx_word' id='word_1_160' title='bbox 1285 3096 1386 3161; x_wconf 88' lang='lat' dir='ltr'>ferma</span> 
     </span>
     <span class='ocr_line' id='line_1_23' title="bbox 276 3213 1386 3301; baseline -0.003 -20"><span class='ocrx_word' id='word_1_161' title='bbox 276 3234 441 3281; x_wconf 85' lang='lat' dir='ltr'>curvarum</span> <span class='ocrx_word' id='word_1_162' title='bbox 477 3233 539 3279; x_wconf 90' lang='lat' dir='ltr'>non</span> <span class='ocrx_word' id='word_1_163' title='bbox 575 3215 642 3278; x_wconf 88' lang='lat' dir='ltr'>tam</span> <span class='ocrx_word' id='word_1_164' title='bbox 680 3215 825 3278; x_wconf 89' lang='lat' dir='ltr'>accurate</span> <span class='ocrx_word' id='word_1_165' title='bbox 863 3213 960 3278; x_wconf 90' lang='lat' dir='ltr'>febris</span> <span class='ocrx_word' id='word_1_166' title='bbox 998 3214 1177 3301; x_wconf 82' lang='lat' dir='ltr'>progressui</span> <span class='ocrx_word' id='word_1_167' title='bbox 1218 3213 1386 3296; x_wconf 87' lang='lat' dir='ltr'>respondet</span> 
     </span>
     <span class='ocr_line' id='line_1_24' title="bbox 276 3324 1385 3417; baseline -0.005 -18"><span class='ocrx_word' id='word_1_168' title='bbox 276 3353 370 3417; x_wconf 90' lang='lat' dir='ltr'>quam</span> <span class='ocrx_word' id='word_1_169' title='bbox 401 3332 559 3414; x_wconf 87' lang='lat' dir='ltr'>oporteret</span> <span class='ocrx_word' id='word_1_170' title='bbox 585 3330 612 3394; x_wconf 92' lang='lat' dir='ltr'>si</span> <span class='ocrx_word' id='word_1_171' title='bbox 635 3330 703 3396; x_wconf 90' lang='lat' dir='ltr'>sola</span> <span class='ocrx_word' id='word_1_172' title='bbox 724 3330 804 3395; x_wconf 85' lang='lat' dir='ltr'>febri</span> <span class='ocrx_word' id='word_1_173' title='bbox 827 3332 949 3414; x_wconf 89' lang='lat' dir='ltr'>pondus</span> <span class='ocrx_word' id='word_1_174' title='bbox 970 3333 1126 3400; x_wconf 88' lang='lat' dir='ltr'>minutum</span> <span class='ocrx_word' id='word_1_175' title='bbox 1149 3324 1240 3400; x_wconf 77' lang='lat' dir='ltr'>es&#39;set.</span> <span class='ocrx_word' id='word_1_176' title='bbox 1284 3331 1385 3412; x_wconf 91' lang='lat' dir='ltr'>Inpri-</span> 
     </span>
     <span class='ocr_line' id='line_1_25' title="bbox 275 3448 1386 3535; baseline -0.003 -19"><span class='ocrx_word' id='word_1_177' title='bbox 275 3452 334 3516; x_wconf 91' lang='lat' dir='ltr'>mis</span> <span class='ocrx_word' id='word_1_178' title='bbox 358 3449 466 3515; x_wconf 88' lang='lat' dir='ltr'>mirari</span> <span class='ocrx_word' id='word_1_179' title='bbox 492 3448 658 3525; x_wconf 84' lang='lat' dir='ltr'>debemus,</span> <span class='ocrx_word' id='word_1_180' title='bbox 694 3448 815 3531; x_wconf 86' lang='lat' dir='ltr'>pondus</span> <span class='ocrx_word' id='word_1_181' title='bbox 844 3448 940 3514; x_wconf 90' lang='lat' dir='ltr'>etiam</span> <span class='ocrx_word' id='word_1_182' title='bbox 968 3449 1001 3517; x_wconf 93' lang='lat' dir='ltr'>in</span> <span class='ocrx_word' id='word_1_183' title='bbox 1034 3451 1231 3535; x_wconf 84' lang='lat' dir='ltr'>gravioribus</span> <span class='ocrx_word' id='word_1_184' title='bbox 1263 3449 1386 3514; x_wconf 87' lang='lat' dir='ltr'>casibus</span> 
     </span>
     <span class='ocr_line' id='line_1_26' title="bbox 277 3566 1387 3653; baseline -0.001 -20"><span class='ocrx_word' id='word_1_185' title='bbox 277 3567 412 3634; x_wconf 90' lang='lat' dir='ltr'>secunda</span> <span class='ocrx_word' id='word_1_186' title='bbox 440 3566 633 3632; x_wconf 89' lang='lat' dir='ltr'>hebdomade</span> <span class='ocrx_word' id='word_1_187' title='bbox 664 3566 766 3632; x_wconf 91' lang='lat' dir='ltr'>minus</span> <span class='ocrx_word' id='word_1_188' title='bbox 797 3567 994 3645; x_wconf 81' lang='lat' dir='ltr'>decrescere,</span> <span class='ocrx_word' id='word_1_189' title='bbox 1029 3589 1123 3652; x_wconf 90' lang='lat' dir='ltr'>quam</span> <span class='ocrx_word' id='word_1_190' title='bbox 1153 3568 1268 3653; x_wconf 85' lang='lat' dir='ltr'>prima,</span> <span class='ocrx_word' id='word_1_191' title='bbox 1307 3568 1387 3633; x_wconf 90' lang='lat' dir='ltr'>febri</span> 
     </span>
     <span class='ocr_line' id='line_1_27' title="bbox 275 3685 1385 3769; baseline -0.004 -16"><span class='ocrx_word' id='word_1_192' title='bbox 275 3689 406 3769; x_wconf 87' lang='lat' dir='ltr'>utraque</span> <span class='ocrx_word' id='word_1_193' title='bbox 428 3685 621 3750; x_wconf 89' lang='lat' dir='ltr'>hebdomade</span> <span class='ocrx_word' id='word_1_194' title='bbox 643 3685 760 3768; x_wconf 87' lang='lat' dir='ltr'>pariter</span> <span class='ocrx_word' id='word_1_195' title='bbox 781 3686 920 3751; x_wconf 82' lang='lat' dir='ltr'>ardente.</span> <span class='ocrx_word' id='word_1_196' title='bbox 966 3686 1081 3751; x_wconf 83' lang='lat' dir='ltr'>Forma</span> <span class='ocrx_word' id='word_1_197' title='bbox 1104 3705 1269 3751; x_wconf 89' lang='lat' dir='ltr'>curvarum</span> <span class='ocrx_word' id='word_1_198' title='bbox 1284 3686 1385 3750; x_wconf 90' lang='lat' dir='ltr'>multo</span> 
     </span>
     <span class='ocr_line' id='line_1_28' title="bbox 275 3782 1381 3889; baseline -0.005 -19"><span class='ocrx_word' id='word_1_199' title='bbox 275 3804 377 3889; x_wconf 84' lang='lat' dir='ltr'>magis</span> <span class='ocrx_word' id='word_1_200' title='bbox 405 3782 605 3887; x_wconf 59' lang='lat' dir='ltr'>propressum</span> <span class='ocrx_word' id='word_1_201' title='bbox 631 3802 818 3868; x_wconf 86' lang='lat' dir='ltr'>inanitionis&#39;</span> <span class='ocrx_word' id='word_1_202' title='bbox 839 3823 933 3886; x_wconf 89' lang='lat' dir='ltr'>quam</span> <span class='ocrx_word' id='word_1_203' title='bbox 962 3802 1058 3867; x_wconf 87' lang='lat' dir='ltr'>febris</span> <span class='ocrx_word' id='word_1_204' title='bbox 1081 3803 1236 3886; x_wconf 89' lang='lat' dir='ltr'>sequitur,</span> <span class='ocrx_word' id='word_1_205' title='bbox 1267 3802 1327 3868; x_wconf 87' lang='lat' dir='ltr'>etsi</span> <span class='ocrx_word' id='word_1_206' title='bbox 1349 3802 1381 3865; x_wconf 91' lang='lat' dir='ltr'>in</span> 
     </span>
     <span class='ocr_line' id='line_1_29' title="bbox 275 3918 1382 4004; baseline -0.005 -16"><span class='ocrx_word' id='word_1_207' title='bbox 275 3923 446 3990; x_wconf 88' lang='lat' dir='ltr'>inanitione</span> <span class='ocrx_word' id='word_1_208' title='bbox 481 3922 695 4003; x_wconf 89' lang='lat' dir='ltr'>temperatura</span> <span class='ocrx_word' id='word_1_209' title='bbox 730 3940 792 3985; x_wconf 93' lang='lat' dir='ltr'>non</span> <span class='ocrx_word' id='word_1_210' title='bbox 832 3921 974 4004; x_wconf 83' lang='lat' dir='ltr'>augetur.</span> <span class='ocrx_word' id='word_1_211' title='bbox 1033 3918 1083 3984; x_wconf 82' lang='lat' dir='ltr'>Ac</span> <span class='ocrx_word' id='word_1_212' title='bbox 1113 3922 1250 4003; x_wconf 88' lang='lat' dir='ltr'>profecto</span> <span class='ocrx_word' id='word_1_213' title='bbox 1277 3938 1382 3994; x_wconf 86' lang='lat' dir='ltr'>curva,</span> 
     </span>
     <span class='ocr_line' id='line_1_30' title="bbox 276 4036 1385 4126; baseline -0.007 -18"><span class='ocrx_word' id='word_1_214' title='bbox 276 4062 355 4126; x_wconf 88' lang='lat' dir='ltr'>quae</span> <span class='ocrx_word' id='word_1_215' title='bbox 377 4040 557 4124; x_wconf 88' lang='lat' dir='ltr'>quotidiano</span> <span class='ocrx_word' id='word_1_216' title='bbox 582 4038 719 4122; x_wconf 87' lang='lat' dir='ltr'>corporis</span> <span class='ocrx_word' id='word_1_217' title='bbox 741 4039 877 4121; x_wconf 89' lang='lat' dir='ltr'>pondere</span> <span class='ocrx_word' id='word_1_218' title='bbox 891 4037 1063 4103; x_wconf 90' lang='lat' dir='ltr'>bestiarum</span> <span class='ocrx_word' id='word_1_219' title='bbox 1083 4037 1165 4103; x_wconf 87' lang='lat' dir='ltr'>farne</span> <span class='ocrx_word' id='word_1_220' title='bbox 1188 4036 1385 4120; x_wconf 89' lang='lat' dir='ltr'>pereuntium</span> 
     </span>
     <span class='ocr_line' id='line_1_31' title="bbox 277 4155 1383 4241; baseline -0.005 -16"><span class='ocrx_word' id='word_1_221' title='bbox 277 4160 410 4225; x_wconf 86' lang='lat' dir='ltr'>efficitur</span> <span class='ocrx_word' id='word_1_222' title='bbox 437 4157 526 4223; x_wconf 90' lang='lat' dir='ltr'>nulla</span> <span class='ocrx_word' id='word_1_223' title='bbox 549 4159 639 4241; x_wconf 89' lang='lat' dir='ltr'>parte</span> <span class='ocrx_word' id='word_1_224' title='bbox 666 4158 791 4222; x_wconf 89' lang='lat' dir='ltr'>mutata</span> <span class='ocrx_word' id='word_1_225' title='bbox 817 4156 975 4222; x_wconf 89' lang='lat' dir='ltr'>inlocum</span> <span class='ocrx_word' id='word_1_226' title='bbox 1005 4156 1071 4221; x_wconf 90' lang='lat' dir='ltr'>eius</span> <span class='ocrx_word' id='word_1_227' title='bbox 1094 4175 1207 4221; x_wconf 87' lang='lat' dir='ltr'>curvae</span> <span class='ocrx_word' id='word_1_228' title='bbox 1238 4155 1383 4221; x_wconf 85' lang='lat' dir='ltr'>substit&#39;</span> 
     </span>
     <span class='ocr_line' id='line_1_32' title="bbox 276 4273 1386 4361; baseline -0.002 -19"><span class='ocrx_word' id='word_1_229' title='bbox 276 4280 396 4361; x_wconf 87' lang='lat' dir='ltr'>potest,</span> <span class='ocrx_word' id='word_1_230' title='bbox 426 4295 487 4358; x_wconf 90' lang='lat' dir='ltr'>qua</span> <span class='ocrx_word' id='word_1_231' title='bbox 508 4276 628 4358; x_wconf 89' lang='lat' dir='ltr'>pondus</span> <span class='ocrx_word' id='word_1_232' title='bbox 648 4274 810 4340; x_wconf 87' lang='lat' dir='ltr'>hominum</span> <span class='ocrx_word' id='word_1_233' title='bbox 830 4273 1034 4356; x_wconf 89' lang='lat' dir='ltr'>typhosorum</span> <span class='ocrx_word' id='word_1_234' title='bbox 1056 4275 1247 4357; x_wconf 84' lang='lat' dir='ltr'>exprimitur.</span> <span class='ocrx_word' id='word_1_235' title='bbox 1292 4274 1386 4341; x_wconf 79' lang='lat' dir='ltr'>Com·</span> 
     </span>
    </p>
   </div>
   <div class='ocr_carea' id='block_1_2' title="bbox 276 4392 1387 4480">
    <p class='ocr_par' dir='ltr' id='par_1_4' title="bbox 276 4392 1387 4480">
     <span class='ocr_line' id='line_1_33' title="bbox 276 4392 1387 4480; baseline -0.004 -20"><span class='ocrx_word' id='word_1_236' title='bbox 276 4392 408 4478; x_wconf 88' lang='lat' dir='ltr'>parandi</span> <span class='ocrx_word' id='word_1_237' title='bbox 430 4392 534 4478; x_wconf 85' lang='lat' dir='ltr'>gratia</span> <span class='ocrx_word' id='word_1_238' title='bbox 555 4392 628 4458; x_wconf 92' lang='lat' dir='ltr'>huic</span> <span class='ocrx_word' id='word_1_239' title='bbox 649 4392 747 4459; x_wconf 89' lang='lat' dir='ltr'>libero</span> <span class='ocrx_word' id='word_1_240' title='bbox 773 4411 900 4458; x_wconf 85' lang='lat' dir='ltr'>curvam</span> <span class='ocrx_word' id='word_1_241' title='bbox 918 4392 1064 4476; x_wconf 88' lang='lat' dir='ltr'>ponderis</span> <span class='ocrx_word' id='word_1_242' title='bbox 1078 4392 1252 4480; x_wconf 89' lang='lat' dir='ltr'>quotidiani</span> <span class='ocrx_word' id='word_1_243' title='bbox 1272 4392 1387 4460; x_wconf 88' lang='lat' dir='ltr'>addere</span> 
     </span>
    </p>
   </div>
   <div class='ocr_carea' id='block_1_3' title="bbox 1560 698 1570 779">
    <p class='ocr_par' dir='ltr' id='par_1_5' title="bbox 1560 640 1571 825">
     <span class='ocr_line' id='line_1_34' title="bbox 1560 698 1570 779; baseline 0 46"><span class='ocrx_word' id='word_1_244' title='bbox 1560 698 1570 779; x_wconf 70' lang='lat'><strong>⁴</strong></span> 
     </span>
    </p>
   </div>
   <div class='ocr_carea' id='block_1_4' title="bbox 0 0 1595 5004">
    <p class='ocr_par' dir='ltr' id='par_1_6' title="bbox 0 0 1595 5004">
     <span class='ocr_line' id='line_1_35' title="bbox 0 0 1595 5004; baseline 0 0"><span class='ocrx_word' id='word_1_245' title='bbox 0 0 1595 5004; x_wconf 95' lang='lat' dir='ltr'> </span> 
     </span>
    </p>
   </div>
  </div>
 </body>
</html>
