3172 5004
290 409 335 473 30

289 596 380 662 facile
404 597 543 663 animum
562 598 713 663 adducere
734 599 833 681 possis
854 599 890 664 ut
911 619 1053 665 caussam
1075 600 1220 683 ponderis
1242 599 1275 665 in
1295 602 1390 683 typho

291 714 402 780 minuti
424 734 459 779 ex
482 714 547 780 solo
569 719 760 781 commeatus
792 717 915 781 defectu
939 721 1062 800 repetas
1083 718 1162 783 febri
1183 737 1309 800 prorsus
1337 737 1391 782 ue-

291 832 404 916 gleota.
457 833 582 898 Veritas
602 836 638 898 ut
667 853 758 916 saepe
780 836 813 898 in
833 835 935 899 medio
960 835 1067 917 opinor
1089 836 1191 918 posita
1213 837 1261 899 est
1284 833 1330 899 ita
1357 838 1392 898 ut
1506 874 1510 881 ,

291 951 447 1014 variarum
475 970 656 1016 caussarum
686 971 741 1034 pro
762 972 818 1017 sua
848 971 1050 1035 unaquaeque
1079 956 1168 1034 parte
1203 954 1393 1018 decrementi

289 1070 411 1151 partem
446 1068 569 1134 efficiat.
634 1068 782 1149 Quamuis
812 1088 926 1153 magno
953 1068 1059 1135 labore
1089 1070 1227 1135 adhibito
1256 1072 1393 1139 noudum

291 1185 438 1268 contigit,
483 1189 518 1250 ut
551 1190 685 1271 typhus.
703 1187 815 1268 aliquis
849 1188 916 1251 sine
951 1187 1017 1252 ulla
1046 1187 1126 1251 febri
1160 1188 1322 1263 decurrat3
1360 1191 1393 1253 at

288 1303 465 1369 huiusmodi
492 1323 613 1387 quoque
643 1323 733 1371 ocsus
757 1307 841 1369 certe
869 1304 1004 1386 pondere
1034 1305 1171 1387 corporis
1192 1305 1391 1382 minueretur,

289 1422 348 1485 etsi
371 1421 472 1488 dicere
493 1440 584 1486 nemo
603 1423 725 1503 potest,
749 1424 900 1504 quantum
923 1423 954 1487 et
975 1440 1036 1504 quo
1057 1422 1149 1486 modo
1171 1422 1232 1487 hoc
1252 1421 1350 1503 fieret,

299 1602 301 1607 ’
376 1609 443 1673 Nec
474 1629 546 1675 uero
576 1609 677 1692 magis
706 1608 853 1690 contigit,
885 1610 921 1671 ut
944 1608 1076 1690 typhoso
1100 1609 1223 1673 tantum
1252 1610 1392 1675 alimenti

290 1726 511 1804 adduceretur,
549 1726 668 1790 scilicet
696 1729 732 1791 ut
760 1745 821 1789 nou
854 1726 1026 1789 ventriculo
1058 1726 1158 1791 solum
1189 1729 1391 1811 ingereretur,

289 1844 344 1907 ¹sed
373 1863 483 1908 revera
512 1843 632 1926 corpori
666 1842 893 1908 assimilaretur
929 1845 1079 1925 quantum
1115 1844 1236 1927 integro
1272 1846 1392 1928 corpori

199 1968 204 1984 '
290 1981 367 2045 epus
390 1963 438 2025 est
468 1961 508 2026 ad
537 1960 666 2043 aequale
695 1961 815 2042 pondus
844 1961 1099 2026 conservandum,
1159 1961 1247 2041 Quod
1270 1963 1393 2027 etiamsi

291 2079 486 2162 contingeret
508 2082 614 2144 tamen
643 2080 726 2142 certe
749 2077 869 2159 pondus
893 2077 1029 2159 corporis
1058 2097 1113 2159 per
1132 2080 1263 2161 typhum
1290 2080 1393 2144 minu-

288 2197 357 2260 tum
376 2196 465 2261 foret.
600 2194 603 2203 ’

376 2360 444 2425 Nee
466 2379 539 2425 vero
562 2363 679 2427 temere
702 2362 783 2425 hanc
803 2359 990 2424 senteutiam
1012 2360 1118 2436 tueor,
1140 2361 1260 2442 pondus
1284 2380 1392 2444 corpo-

167 2538 169 2543 .
291 2478 334 2543 ris
353 2498 416 2545 uon
439 2478 506 2542 sola
527 2479 621 2543 febris
644 2479 800 2543 vimiuui.
845 2476 1014 2556 Quomiuus
1034 2476 1116 2541 enim
1138 2496 1242 2542 rerum
1264 2498 1389 2545 caussa·

288 2616 418 2679 rumque
454 2615 625 2663 connexum
653 2600 812 2662 mutemus
841 2597 873 2660 et
895 2594 990 2659 febris
1015 2596 1104 2677 quasi
1132 2599 1253 2678 partem
1282 2598 1318 2660 ut
1346 2596 1393 2675 ita¹

288 2714 406 2790 dicam,
438 2714 489 2779 vel
511 2716 594 2780 certe
617 2716 859 2797 symptomatum
878 2708 1040 2776 'fabrilium
1068 2715 1190 2794 partem
1212 2732 1248 2776 ex
1268 2712 1390 2795 perdita

288 2832 425 2914 corporis
445 2850 549 2896 massa
569 2831 744 2897 derivemus
765 2831 839 2914 quid
860 2833 909 2895 est
929 2829 1011 2911 quod
1025 2848 1082 2894 uos
1095 2830 1246 2911 impedit?
1273 2829 1389 2910 Quam-

288 2949 335 3013 vis
362 2949 489 3015 minime
516 2949 549 3011 iu
577 2950 660 3013 huuc
685 2949 788 3013 locum
816 2948 964 3030 quadrat,
1002 2947 1084 3029 quod
1113 2946 1250 3029 alioquin
1281 2967 1389 3012 uerum

289 3086 356 3131 esse
387 3067 519 3143 constat,
552 3066 689 3148 corporis
718 3066 805 3130 cuius
833 3085 938 3130 massa
966 3065 1116 3130 minuitur
1144 3066 1212 3147 pari
1242 3070 1388 3131 manente

287 3183 399 3248 caloris
423 3186 455 3247 et
477 3184 676 3267 generatione
698 3186 730 3248 et
753 3184 927 3261 amissione,
949 3185 1194 3266 temperaturam
1216 3183 1389 3248 necessarie

288 3279 405 3385 augeri.
456 3301 540 3366 Nam
567 3300 643 3365 licet
673 3302 880 3385 suspicemur,
919 3301 1054 3383 corporis
1093 3302 1188 3384 typho
1218 3299 1322 3364 affecti
1358 3304 1389 3362 et

288 3419 561 3485 colorificatiouem
581 3437 643 3482 nou
665 3418 773 3502 augeri
802 3419 845 3502 (id
866 3417 948 3501 quod
966 3437 1077 3500 parum
1100 3416 1246 3482 credibile
1269 3416 1329 3498 est)
1358 3420 1390 3481 et

288 3538 401 3603 caloris
422 3537 620 3603 amissionem
643 3537 773 3602 eandem
796 3555 921 3601 mauere
944 3536 1039 3620 (quod
1052 3534 1173 3599 facilius
1196 3533 1389 3620 conceditur)

287 3657 494 3740 augmentum
519 3657 626 3719 tamen
654 3656 884 3736 temperaturae
915 3674 933 3717 a
961 3660 972 3716 t
1002 3653 1041 3717 ad
1068 3656 1088 3714 t‘
1125 3653 1192 3714 tum
1220 3650 1321 3715 solum
1357 3653 1389 3714 in

286 3773 423 3856 pondere
448 3773 584 3855 corporis
612 3792 631 3836 a
654 3795 677 3855 y
706 3772 745 3836 ad
769 3776 801 3854 ρ’
830 3772 949 3835 minuto
986 3770 1120 3850 positam
1149 3785 1216 3832 esse
1245 3766 1389 3831 arbitrari

286 3911 470 3975 possumus,
499 3890 525 3955 si
547 3891 626 3954 ratio
651 3890 757 3954 subest
779 3893 792 3950 t
812 3910 820 3950 :
842 3895 864 3951 ι’
886 3917 927 3943 =
944 3893 975 3970 ρ’
999 3910 1006 3950 :
1025 3910 1056 3970 q.
1100 3887 1132 3951 si
1155 3889 1245 3950 notos
1266 3884 1388 3949 valeres

287 4012 320 4075 in
346 4011 427 4074 hauc
453 4008 619 4073 formulam
651 4007 837 4082 substtuar,
874 4006 929 4070 illa
956 4024 1035 4087 quae
1068 4025 1162 4087 supra
1189 4004 1388 4088 praesumpta

288 4130 378 4204 sunt,
415 4128 511 4191 statui
542 4126 629 4190 nullo
657 4123 748 4187 modo
776 4142 866 4206 posse
895 4123 1088 4206 perspicitur.
1148 4122 1207 4187 Sed
1234 4123 1292 4186 hoe
1319 4121 1387 4185 loco

286 4247 401 4311 iterum
423 4244 639 4325 experimentis
660 4241 707 4306 uti
731 4241 821 4317 lieet,
843 4259 920 4321 quae
943 4239 975 4303 iu
995 4241 1103 4305 bestiis
1116 4242 1198 4305 fame
1219 4240 1388 4322 iuteremp-

288 4363 330 4428 tis
357 4362 503 4427 instituta
532 4361 614 4425 suut.
674 4357 866 4440 Simulatque
902 4357 1032 4423 inanitio
1064 4376 1161 4440 usque
1198 4357 1237 4421 ad
1271 4361 1390 4421 certum
