3172 5004
1277 434 1314 498 ll

19 606 40 647 ‘¹
58 626 120 739 ⁴
207 617 430 697 invertebitur,
467 641 504 685 ao
538 622 564 685 si
598 640 699 688 sermo
736 624 784 686 est
811 623 849 686 de
877 622 979 703 prima
1006 624 1079 685 ante
1109 622 1316 686 mutationem
1421 638 1446 671 “»

83 720 120 855 Ἰ·
207 735 401 802 hebdomade
425 758 462 803 ea
492 739 698 822 intelligenda
717 742 764 803 est
787 759 866 821 quae
890 741 1060 803 seeundum
1083 739 1184 803 morbi
1207 740 1318 803 decur-

110 866 118 1005 j
207 872 276 916 sum
299 855 411 921 ultima
433 856 514 921 foret
538 860 610 922 ante
634 857 771 939 eorporis
791 858 912 939 pondus
927 858 1099 921 reauetum.

258 1027 262 1035 ·
293 987 422 1054 Summa
458 992 636 1056 detrimenti
673 992 818 1073 ponderis
855 991 956 1073 prima
1000 992 1072 1055 ante
1110 990 1316 1054 mutationem

205 1104 398 1170 hebdomade
421 1108 557 1172 efficitur
575 1109 608 1172 in
630 1114 670 1173 35
693 1109 817 1173 casibus
840 1114 955 1184 116‚84
979 1127 1052 1190 ergo
1069 1108 1171 1172 medio
1187 1127 1316 1172 numero

108 1232 112 1297 J·
204 1241 259 1302 pro
283 1242 344 1288 nno
368 1243 443 1291 11111
467 1234 548 1303 3‚33.

106 1430 111 1447 ¹
292 1357 498 1424 Praecedenti
526 1362 720 1425 hebdomade
752 1379 875 1424 summa
907 1359 1089 1425 detrimenti
1119 1360 1253 1424 efficitur
1283 1360 1316 1424 in

104 1482 109 1571 ³·
205 1478 244 1534 29
270 1473 393 1538 nasibus
418 1484 533 1591 1322}
558 1498 632 1561 ergo
656 1497 711 1561 pro
732 1496 794 1542 uno
817 1496 891 1540 casu
916 1481 999 1552 ι156.

291 1607 397 1673 Tertia
426 1611 499 1674 ante
528 1611 735 1676 mutationem
764 1608 909 1693 ponderis
947 1608 1092 1673 diminuti
1122 1610 1316 1675 hebdomade

101 1708 107 1771 i
203 1744 327 1789 summa
355 1727 535 1793 detrimenti
567 1730 616 1793 est
643 1728 675 1792 in
709 1734 748 1791 15
780 1727 904 1791 casibus
943 1733 1035 1803 75,18
1068 1746 1141 1810 ergo
1171 1745 1226 1808 pro
1253 1747 1315 1791 uno

203 1848 384 1919 easu5,01.
507 1878 511 1887 =

294 1978 413 2057 Quarta
444 1979 639 2043 hebdomade
667 1979 699 2042 in
733 1987 750 2043 7
775 1979 899 2043 casibus
921 1986 1030 2054 34‚89‚
1066 1996 1140 2061 ergo
1169 1997 1224 2060 pro
1254 1998 1316 2043 uno

96 2122 100 2177 Ἰ;
202 2115 277 2159 easu
298 2103 380 2173 4,98.

290 2228 409 2308 Quinta
439 2230 633 2295 hebdomade
664 2230 696 2294 in
725 2237 743 2292 2
773 2229 1032 2307 easib11s12‚16,
1060 2249 1134 2313 ergo
1163 2249 1219 2314 pro
1252 2249 1314 2294 uno

92 2338 98 2401 i
202 2363 277 2409 easu
300 2351 382 2420 6‚08.

289 2478 420 2543 Tabella
439 2481 550 2544 mediis
573 2481 711 2546 numeris
735 2482 907 2563 composita
927 2483 1005 2547 haee
1026 2485 1089 2548 est:

601 2599 715 2663 Tabl
775 2605 846 2675 6,08

774 2722 846 2791 4‚98

778 2838 848 2909 5,01

777 2956 849 3026 4,5o

777 3074 859 3144 3‚33.

289 3198 408 3277 Quibus
446 3218 481 3262 er
514 3198 652 3263 numeris
682 3201 742 3265 hoe
778 3201 880 3265 solum
916 3201 1046 3283 apparet
1077 3198 1313 3264 hebdomarium

201 3317 347 3398 ponderis
381 3316 604 3380 detrimentum
642 3335 740 3399 usque
786 3317 826 3380 ad
859 3317 1065 3382 mutationem
1104 3316 1207 3380 miuus
1245 3315 1314 3379 fieri

201 3433 309 3497 solere.
356 3432 417 3498 Sed
446 3451 505 3496 nee
531 3432 654 3497 stabilis
684 3435 733 3498 est
764 3433 927 3499 diminutio
957 3453 1016 3498 nee
1044 3453 1115 3498 oum
1143 3452 1311 3517 progressu

75 3598 81 3647 i,
200 3549 300 3614 morbi
332 3550 485 3634 congruit.
540 3550 599 3614 Vix
629 3570 702 3615 vero
732 3553 819 3616 reeta
849 3550 901 3617 via
929 3570 966 3615 ae
988 3550 1098 3633 regula
1124 3552 1210 3615 certa
1239 3569 1311 3632 pro-

199 3666 289 3749 gredi
311 3687 456 3732 numeros
478 3667 651 3750 exspectari
678 3667 799 3749 potuit,
833 3667 972 3750 quitum
994 3667 1101 3750 paucis
1126 3670 1157 3733 et
1176 3667 1311 3749 undique

72 3792 88 3891 ‚³
200 3784 343 3848 conflatis
363 3785 631 3850 observationibus
656 3786 751 3848 stant.
797 3785 901 3850 Medio
925 3803 1052 3849 numero
1077 3783 1202 3848 omnino
1224 3782 1312 3848 valor

199 3900 361 3975 definitur,
396 3902 450 3982 qui
481 3901 600 3965 directa
635 3900 851 3965 observatione
884 3921 980 3983 aeque
1008 3901 1099 3966 facile
1128 3902 1226 3966 maior
1256 3902 1311 3966 aut

198 4018 300 4081 minor
329 4020 434 4100 potest
463 4018 614 4092 inveniri3
652 4017 754 4101 qualis
786 4019 837 4082 hio
868 4019 979 4083 idealis
1018 4017 1153 4082 hominis
1189 4018 1310 4100 pondus

197 4136 287 4198 foret.
333 4136 451 4198 Tamen
472 4134 572 4199 multo
593 4135 694 4218 magia
717 4153 767 4200 res
788 4136 971 4219 impeditur,
995 4153 1091 4217 quum
1112 4135 1251 4216 pondera
1270 4135 1311 4199 ad

198 4253 317 4314 certam
347 4270 489 4315 normam
520 4253 697 4328 mutentur,
730 4271 830 4335 neque
860 4253 990 4334 simplex
1020 4251 1197 4318 observatio
1218 4251 1310 4328 adsit,

198 4367 254 4432 sed
283 4366 440 4433 observati
469 4368 591 4433 ratores
620 4369 789 4433 functionis
819 4369 981 4435 cuiusdam
1008 4369 1040 4432 in
1068 4388 1130 4451 qua
1151 4369 1310 4437 variabilis
