3172 5004
290 385 336 450 20

399 569 523 638 rabula
544 569 659 635 vll.-

348 712 353 719 ’
443 726 537 798 osas

441 875 536 947 onos
627 875 716 949 6661

444 1023 539 1094 ossa
626 1023 721 1096 osor
810 978 925 1095 6466

445 1173 541 1244 onas
628 1172 721 1244 6161
813 1172 906 1243 aare
994 1174 1086 1245 arar

446 1321 538 1392 o‚111
627 1321 719 1393 usar
809 1319 905 1394 ossa
992 1321 1087 1392 onas
1176 1320 1331 1391 usca..

382 1513 449 1576 Iam
474 1509 569 1575 enati
589 1508 760 1592 probabilis
781 1527 839 1592 ope
867 1512 1048 1593 computare
1071 1509 1147 1574 licet
1168 1529 1262 1592 quam
1283 1510 1398 1593 proba-

297 1629 360 1695 bile
382 1629 440 1707 sit,
470 1629 608 1694 erratum
636 1626 762 1709 aliquod
793 1631 936 1698 absolute
959 1628 1044 1694 ultra
1072 1631 1192 1694 certum
1213 1628 1308 1693 finem
1334 1647 1398 1693 non

295 1748 482 1832 transgredi.
526 1747 564 1811 ln
584 1746 644 1811 bac
664 1745 763 1829 igitur
784 1768 819 1814 16
838 1754 976 1817 erratum
992 1746 1152 1830 probabile
1171 1746 1265 1834 louge
1287 1748 1399 1831 pleris-

238 1920 240 1922 .
296 1885 356 1950 que
385 1866 418 1930 in
440 1865 564 1931 casibus
591 1863 782 1944 differentia,
807 1887 887 1950 quea
917 1869 999 1934 inter
1027 1888 1173 1934 numeros
1193 1869 1320 1934 tabulae
1348 1884 1399 1930 se-

300 1984 420 2050 cundae
439 1983 621 2062 intercedit,
649 1985 749 2048 multo
771 1985 874 2050 minus
895 2005 964 2051 esse
984 1988 1155 2069 reperimus
1177 2005 1215 2051 ac
1235 1986 1400 2068 propterea

300 2105 384 2169 certe
398 2102 520 2167 nullum
541 2101 765 2167 observationis
785 2105 923 2168 erratum
943 2104 992 2169 his
1007 2105 1189 2170 differentiis
1208 2123 1247 2168 ne
1269 2099 1399 2184 aequale

300 2222 423 2305 quidem
447 2239 515 2286 esse
535 2219 650 2284 nedum
671 2219 756 2285 ultra
779 2239 832 2285 eas
854 2221 1010 2286 excedere.
1055 2221 1251 2303 Quamquam
1277 2238 1339 2284 non
1366 2219 1399 2281 in

300 2341 443 2406 omuibus
463 2337 611 2420 exemplis
638 2337 698 2403 boc
719 2338 881 2422 confingit.
937 2338 1010 2418 »Qua
1032 2358 1066 2404 re
1089 2339 1283 2423 significatur
1309 2356 1400 2422 prac-

300 2459 458 2541 sumptam
470 2474 598 2539 ossuum
614 2456 811 2541 partitionem
824 2456 962 2541 profecto
976 2457 1081 2540 aliqua
1103 2476 1139 2521 61
1160 2459 1249 2539 parte
1270 2456 1404 2520 arbitra·

298 2576 377 2642 riam
408 2594 486 2641 esse.
545 2573 690 2657 Sequitur
718 2576 828 2640 nostra
855 2594 892 2639 ex
924 2575 1205 2653 demonstratione,
1233 2575 1266 2639 in
1294 2573 1404 2638 decre·

298 2696 404 2760 mento
437 2711 558 2777 qnoque
591 2692 736 2777 ponderis
772 2693 954 2763 6661166616
989 2694 1144 2776 quendam
1181 2712 1200 2759 a
1233 2693 1403 2758 leuioribus

298 2810 422 2878 casibus
451 2810 490 2876 ad
517 2811 676 2896 graviores
699 2809 866 2876 transitum
889 2810 993 2875 locum
1020 2812 1145 2877 babere.
1198 2811 1300 2891 Quum
1329 2830 1403 2877 uero

297 2928 393 2996 febris
414 2929 603 2995 diuturnitas
631 2930 765 2996 maxime
795 2948 867 2995 cum
889 2929 1033 2994 omnibus
1052 2929 1154 2994 morbi
1175 2930 1348 3001 rationibus
1370 2932 1403 2995 et

297 3047 463 3112 momentis
485 3056 656 3131 congruat,
677 3066 713 3113 er
735 3067 772 3113 es
795 3047 833 3112 de
853 3065 982 3112 casuum
997 3047 1153 3131 gravitate
1174 3047 1341 3113 diiudicare
1362 3046 1402 3111 ad

299 3165 355 3230 bas
376 3164 608 3231 lucubrationes
629 3167 872 3233 consentaneum
896 3164 1069 3232 videbatur.
1120 3165 1213 3230 Nunc
1236 3154 1340 3244 autom
1366 3182 1401 3227 re

297 3282 366 3365 ipss
395 3284 541 3362 docetur,
583 3285 685 3350 status
713 3282 833 3349 febrilis
861 3283 1099 3350 diuturnitatem
1124 3284 1251 3348 minime
1281 3282 1400 3364 septem

296 3419 418 3484 semper
439 3400 559 3465 diemm
588 3401 688 3483 spatio
710 3399 829 3467 includi
856 3401 911 3466 sed
930 3382 1013 3467 inter¹
1040 3419 1093 3466 sos
1119 3419 1223 3476 casus,
1252 3399 1304 3481 qui
1323 3417 1400 3483 qua·

293 3519 365 3584 tuor
394 3517 603 3585 hebdomades
631 3520 746 3585 durant
777 3521 870 3603 atque
902 3538 954 3586 eos
982 3520 1035 3602 qui
1062 3520 1144 3595 tres,
1172 3517 1251 3582 talia
1278 3537 1399 3602 quoque

294 3637 435 3723 exempla
463 3636 629 3703 interiecta
658 3656 741 3716 esse,
773 3657 851 3721 quae
880 3645 937 3716 22,
967 3645 1025 3715 23,
1056 3635 1184 3701 241166
1211 3636 1399 3702 16111611611.

293 3754 360 3821 Nec
383 3754 558 3822 6116116166
582 3755 628 3820 rei
652 3756 732 3822 ratio
755 3756 844 3836 foret,
868 3756 895 3822 si
909 3775 1037 3822 casuum
1055 3754 1244 3839 gravitatem
1267 3775 1303 3821 er
1329 3755 1397 3820 61116

292 3873 458 3940 momentis
480 3873 618 3940 iudicare
640 3873 728 3940 uelis.
771 3874 877 3941 Nihilo
898 3874 998 3940 secius
1020 3892 1111 3939 casus
1133 3874 1309 3957 graviores,
1332 3892 1399 3937 me·

291 3991 333 4057 dii
356 3994 388 4057 et
410 3990 542 4058 leviores
564 3993 648 4057 certe
670 3994 764 4076 atque
789 3995 933 4059 accurate
951 3993 1032 4058 inter
1054 4010 1087 4057 se
1109 3994 1241 4074 possunt
1254 3990 1395 4057 discerni.

290 4108 498 4190 Quamobrem
521 4113 627 4176 autem
649 4110 680 4175 in
702 4110 825 4176 casibus
848 4110 979 4177 61611116
1004 4109 1207 4175 diuturnitate
1229 4110 1268 4174 ad
1293 4112 1394 4175 certas
1478 4170 1483 4177 ,

288 4225 405 4293 6161666
432 4227 608 4312 redigendis
639 4228 898 4295 hebdomadariae
926 4229 1124 4312 potissimum
1155 4226 1273 4310 periodi
1302 4228 1394 4292 insti·
1449 4208 1451 4210 ’

288 4345 422 4415 tuendas
444 4365 511 4413 esse
533 4348 728 4427 uiderentur,
749 4366 843 4432 supra
862 4347 1111 4413 demonstratum
1134 4346 1190 4410 est.
