3172 5004
1258 397 1300 462 29

197 591 399 676 inpromptu
423 591 472 657 ost
486 589 608 675 (figura
629 586 684 675 11)
715 607 732 653 e
755 587 926 654 doctissimi
948 588 1081 655 Chossat
1110 588 1301 672 experimen÷
1378 574 1381 579 ’

197 712 241 777 tis
264 712 297 775 in
319 708 471 775 columbis
491 684 646 774 institistis
668 707 813 772 sumtam.
865 708 1029 773 Extremas
1050 707 1175 790 quidem
1196 709 1302 790 partes

198 829 360 910 utriusque
381 845 510 905 curvae,
531 825 620 910 typhi
637 824 757 890 scilicet
781 827 812 890 et
830 824 1010 892 inanitionis
1031 844 1093 891 non
1115 825 1302 908 parallelum

199 948 280 1011 inter
301 964 333 1010 se
355 964 479 1010 cursum
498 945 585 1028 sequi
606 964 698 1010 nemo
718 952 767 1011 est
789 946 842 1030 qui
863 944 1002 1009 miretur.
1046 943 1129 1008 Nam
1156 943 1301 1026 ponderis

93 1047 102 1061 ‘
201 1065 433 1130 decrementum
454 1063 537 1147 quod
556 1064 595 1127 in
612 1063 789 1130 hominibus
810 1064 950 1149 typhosis
973 1062 1247 1128 animadvertimus
1269 1064 1301 1127 in

201 1185 328 1260 auctum
353 1182 498 1264 ponderis
528 1181 637 1248 statim
664 1182 793 1261 transit,
830 1183 893 1247 iam
920 1181 1058 1245 extrema
1078 1198 1190 1246 curvae
1212 1183 1302 1263 parte

200 1301 429 1385 praesagitum,
462 1317 558 1383 qnurn
578 1300 759 1366 inanitionis
785 1319 880 1366 curva
910 1300 1012 1364 morte
1037 1297 1174 1362 liniatur.
1226 1298 1302 1364 Inde

200 1438 273 1484 raro
296 1419 380 1501 quod
398 1419 476 1484 haec
496 1419 556 1484 duo
578 1439 743 1486 curvarum
766 1436 881 1504 genera
900 1435 956 1500 per
976 1415 1133 1480 diversum
1152 1416 1302 1498 temporis
1389 1490 1393 1503 ,

201 1536 337 1620 spatium
359 1536 545 1615 decurrunt,
576 1538 703 1603 minime
726 1537 839 1621 aliquis
868 1533 1081 1620 argumentari
1101 1537 1206 1618 potest
1228 1554 1303 1601 con·

200 1658 251 1720 tra
273 1673 380 1720 earum
403 1655 676 1739 comparationem.
721 1655 804 1721 Nam
829 1655 922 1720 certis
947 1651 1166 1736 experimentis
1187 1653 1303 1719 consti·

202 1773 348 1839 stitutum
370 1776 434 1850 est,
462 1773 580 1857 siquis
612 1772 777 1857 paullatim
806 1774 888 1838 fame
918 1771 1115 1850 conficiatur,
1145 1771 1303 1837 alimentis

201 1909 263 1956 non
284 1890 510 1956 sufficientibus
531 1892 591 1975 hac
609 1910 644 1956 re
664 1893 786 1975 pondus
807 1891 944 1976 corporis
966 1890 1075 1955 eodem
1097 1889 1189 1971 plane
1210 1889 1302 1955 modo

201 2008 318 2073 mutari
340 2027 400 2090 quo
422 2007 448 2072 si
470 2008 580 2074 statim
603 2011 642 2076 ab
664 2010 865 2095 experimenti
885 2008 974 2073 initio
997 2007 1081 2073 ornni
1096 2007 1244 2073 alimento
1268 2010 1304 2071 ut

200 2126 247 2191 ita
269 2126 371 2191 dicam
395 2125 607 2192 interdicatur.
658 2123 853 2211 Quamquam
875 2146 1052 2211 supremam
1073 2126 1218 2209 ponderis
1249 2125 1305 2191 de·
1389 2126 1390 2129 ’

204 2243 371 2308 crescentis
391 2262 534 2309 caussam
552 2245 585 2310 in
613 2245 782 2311 inanitione
811 2246 906 2311 etiam
931 2264 967 2310 ex
990 2244 1214 2310 elementorum
1235 2262 1304 2308 cor·

203 2362 285 2444 poris
306 2361 519 2427 combustione
540 2363 740 2446 repetendam
762 2382 829 2429 esse
849 2363 942 2446 plane
965 2363 1038 2442 scio,
1057 2364 1164 2428 tamen
1185 2381 1247 2435 non
1268 2378 1305 2426 ex

203 2482 321 2545 aucta
349 2479 407 2545 illa
436 2481 667 2561 combustione,
695 2482 837 2564 quamvis
867 2482 1062 2566 aliquantum
1092 2482 1131 2546 ad
1159 2481 1305 2564 ponderis

202 2597 432 2662 decrementum
453 2599 608 2675 conferat,
630 2600 780 2680 originem
802 2601 836 2665 id
856 2601 967 2667 ducere
988 2617 1172 2684 persuasum
1195 2598 1304 2663 habeo.

202 2715 329 2780 Partem
350 2715 471 2782 scilicet
489 2717 582 2782 huius
604 2717 713 2802 culpae
736 2719 770 2783 in
791 2737 860 2784 earn
883 2718 1100 2784 conferendam
1122 2735 1205 2793 esse,
1236 2717 1305 2800 quis

200 2833 328 2898 tandem
350 2834 414 2910 est,
442 2834 496 2917 qui
518 2854 633 2919 negare
653 2836 775 2920 possit?
817 2836 929 2901 Nonne
956 2854 1029 2901 vero
1054 2834 1122 2898 fieri
1143 2836 1247 2918 potest
1270 2836 1306 2898 ut
1355 2836 1358 2841 '

204 2952 396 3017 substantiae
433 2953 571 3033 corporis
603 2974 665 3019 non
700 2954 880 3020 combustae
913 2953 965 3018 rel
1002 2952 1238 3018 semiustulatus
1274 2953 1306 3017 ri

201 3071 301 3135 morbi
323 3071 547 3147 excernuntur,
570 3089 666 3153 eaque
685 3091 720 3137 re
739 3070 861 3156 pondus
883 3071 1021 3156 corporis
1042 3070 1200 3136 minuatur
1217 3070 1305 3136 nulla

201 3188 414 3254 combustione
438 3188 672 3254 intercedente?

290 3304 436 3387 Inprimis
468 3306 688 3388 gravissimum
716 3302 913 3391 illud'primo
937 3308 1039 3374 morbi
1066 3307 1167 3373 stadio
1199 3307 1306 3371 decre·

199 3425 340 3488 mentum
364 3423 458 3489 simul
488 3425 656 3490 exoretioni
676 3427 827 3492 materiae
848 3446 910 3491 nen
940 3427 1120 3491 consumtao
1141 3425 1305 3507 assignan-

199 3541 274 3605 dum
306 3543 369 3619 est,
402 3543 493 3609 sicuti
518 3543 613 3608 etiam
640 3544 673 3607 iu
701 3545 809 3610 bestiis
841 3545 923 3610 fame
951 3543 1153 3627 pereuntibus
1183 3543 1305 3607 accidit.
1422 3520 1424 3525 ,

199 3658 260 3722 Hic
288 3661 413 3723 tanturn
444 3680 687 3726 commemorare
714 3662 819 3746 placet
840 3664 1030 3729 uberrimam
1056 3660 1223 3725 albuminis
1253 3679 1305 3725 oo-

199 3776 300 3858 piam,
331 3777 479 3860 epithelia
503 3782 535 3845 et
554 3779 731 3863 fragmenta
751 3783 902 3847 materiae
927 3768 1124 3864 organisatae
1148 3798 1219 3844 curn
1241 3780 1317 3877 lae3

200 3894 287 3959 cibus
318 3895 412 3979 egeri.
472 3898 625 3980 Persaepe
655 3917 745 3963 renes
775 3900 870 3964 etiarn
899 3917 1028 3964 munero
1049 3895 1214 3960 materiam
1243 3915 1305 3962 non

200 4013 396 4100 combustam
428 4014 611 4096 exportandi
639 4016 821 4099 franguntur.
888 4018 932 4082 Ut
963 4014 1050 4082 brevi
1080 4013 1306 4095 amplectamur

201 4148 268 4194 rem
295 4131 362 4197 fieri
388 4149 479 4215 posse
502 4149 593 4195 nemo
608 4135 668 4197 ’est
688 4133 740 4216 qui
765 4137 868 4218 neget.
918 4135 990 4199 Huc
1012 4131 1133 4198 accedit
1158 4134 1195 4196 ut
1222 4150 1306 4195 eorn-

201 4251 324 4315 meatus
359 4269 457 4317 norae
490 4248 640 4314 materiae
668 4251 836 4317 minuatur.
889 4250 971 4331 Quin
1002 4251 1097 4315 etiarn
1134 4251 1161 4316 si
1193 4269 1305 4315 curvae

197 4365 343 4447 ponderis
366 4369 502 4451 corporis
523 4368 557 4431 in
576 4367 747 4434 inanitione
771 4373 802 4435 et
821 4370 854 4435 in
867 4371 963 4453 typho
985 4371 1067 4436 inter
1088 4392 1121 4438 se
1141 4352 1549 4503 compefflssssssx
1570 4422 1573 4512 p
