3172 5004
1272 433 1315 498 35

283 615 339 678 Nil
362 634 439 698 opus
463 617 511 679 est
525 615 617 679 huius
638 617 764 681 tabulae
786 637 933 683 numeros
955 621 1132 685 accuratius
1154 623 1316 705 explicare,

204 733 277 815 quia
307 734 338 797 id
372 733 453 814 quod
484 734 612 811 docent,
641 735 741 799 multo
771 735 882 799 molius
912 738 944 800 et
974 737 1089 801 clarius
1115 743 1258 820 apparet,
1293 732 1319 804 oi

203 850 385 933 graphicam
430 851 576 931 ponderis
626 853 795 916 crescentis
841 853 1081 937 descriptionem
1131 857 1316 922 consideres,

204 967 297 1032 Cuius
339 968 556 1048 descriptionis
591 969 742 1050 tanquam
779 969 981 1039 fundamento
1013 991 1090 1052 opus
1124 976 1173 1037 est
1206 974 1317 1038 mediis
1416 996 1422 1005 ¹

85 1144 90 1152 .
204 1086 342 1150 numeris
366 1086 479 1167 quibus
501 1085 639 1166 pondera
661 1104 824 1167 corporum
847 1089 1028 1153 mutationis
1051 1092 1192 1173 tempore
1216 1091 1317 1172 expri-

203 1204 330 1266 muntur
354 1205 386 1265 et
408 1203 463 1284 qui
483 1221 519 1266 ex
541 1202 650 1267 tabula
671 1203 767 1268 tertia
785 1204 951 1270 coniuncta
972 1225 1043 1270 oum
1065 1206 1175 1270 tabula
1198 1206 1319 1271 decima

202 1319 248 1383 ita
268 1321 499 1400 computantur.

710 1446 804 1516 89‚09

712 1564 806 1633 93,96

711 1680 804 1751 90,35

715 1799 807 1871 caer

693 1917 818 1987 roasa.

290 2057 434 2118 Breviter
456 2055 506 2118 hic
527 2054 700 2119 notandum
724 2061 787 2134 est,
815 2058 928 2121 horum
949 2068 1150 2121 numerorum
1173 2079 1230 2140 ope
1257 2079 1317 2123 nu-

201 2150 304 2236 meros
334 2164 464 2236 tabulae
488 2156 694 2237 'duodecimae
723 2174 763 2247 ad
793 2193 890 2237 unum
921 2175 1041 2256 pondus
1069 2175 1190 2240 initiale
1217 2177 1317 2261 redigi

204 2309 310 2371 possa,
335 2291 366 2353 et
388 2289 460 2353 inda
482 2289 619 2371 intelligi
642 2290 724 2354 hanc
745 2291 958 2355 reductionem
980 2293 1020 2355 ad
1042 2294 1183 2357 mutuam
1209 2312 1317 2357 eorum

204 2408 357 2470 rationem
387 2406 467 2470 nihil
495 2408 620 2471 omnino
655 2408 774 2484 valere;
811 2408 907 2490 igitur
939 2410 1112 2491 ponderum
1133 2410 1316 2476 initialium

205 2525 453 2607 magnitudinem
477 2524 664 2588 admodum
694 2525 726 2611 et
756 2516 1004 2608 magnitudinem
1029 2528 1216 2593 incrementi
1245 2528 1316 2591 nnl-

204 2642 268 2704 lam
290 2642 354 2705 vim
378 2659 529 2704 exercere.

292 2818 423 2883 Numeri
442 2818 569 2905 primae
601 2818 763 2884 columnae
786 2821 942 2885 verticalis
964 2821 1091 2885 tabulae
1115 2808 1316 2885 duodecimae

206 2935 245 3000 ad
267 2955 364 2999 unum
387 2936 652 3031 pondus‘initiale
675 2952 726 2992 τ’
740 2945 802 3000 100
823 2938 944 3002 reducti
966 2939 998 3001 hi
1018 2940 1108 3002 sunt:

722 3047 793 3148 1212

712 3194 795 3265 apr

721 3311 793 3383 aar>

723 3428 794 3497 adr

723 3544 804 3613 1,55.

294 3717 445 3798 Reliquos
481 3735 628 3781 numeros
662 3716 755 3798 plane
793 3716 901 3779 eadem
937 3718 1058 3781 ratione
1094 3738 1156 3800 qua
1183 3718 1318 3801 primum

207 3835 299 3898 unius
320 3834 468 3915 cuiusque
493 3834 584 3898 seriei
605 3833 820 3897 horizontalis
833 3835 950 3898 mutari
971 3836 1104 3899 constat.

293 4013 362 4074 lam
392 4010 418 4072 si
441 4013 640 4092 septenorum
676 4010 796 4073 dierum
825 4012 963 4091 pondera
992 4012 1150 4076 crescendi
1177 4016 1317 4095 tempore

209 4128 281 4192 inde
305 4130 344 4192 ab
368 4128 417 4191 his
440 4128 577 4192 numeris
604 4111 754 4210 incipiens
777 4129 809 4190 et
833 4128 1003 4192 secundum
1024 4147 1170 4194 numeros
1192 4128 1319 4193 tabulae

209 4242 409 4310 duodecimae
434 4245 605 4328 procedens
628 4248 663 4310 ut
686 4245 845 4311 ordinatas
869 4244 1027 4311 describas
1049 4246 1184 4337 quinque
1208 4265 1319 4313 curras

1035 4372 1052 4429 3
1061 4363 1081 4403 ‘t
