3172 5004
281 568 421 634 vitantur
436 585 514 648 quae
536 566 703 630 libratione
720 565 843 649 saepius
859 568 992 649 repetita
1011 571 1212 650 conspectum
1228 570 1392 635 turbarent

282 688 376 768 atque
397 686 485 768 leges
508 682 705 747 deducendas
735 684 795 747 etsi
823 703 886 748 nou
911 685 1004 766 plane
1032 687 1251 765 obscurarent,
1284 691 1391 752 tamen

280 805 384 869 minus
406 803 489 867 clare
511 799 645 882 perspici
666 799 812 865 sinerent.
858 802 951 867 Tales
972 806 1078 868 autem
1101 805 1250 869 fortuitae
1275 806 1390 870 vaccil-

279 922 413 987 lationes
442 919 580 1002 quotidie
611 921 778 983 occurrunt
804 919 898 983 variis
927 938 943 983 e
973 921 1091 985 causis:
1130 923 1266 986 stercore
1296 925 1389 1005 atque

279 1040 369 1103 urina
389 1037 520 1101 retentis
549 1038 604 1100 aut
634 1033 778 1111 redditis,
806 1035 875 1100 cibo
899 1036 931 1099 et
953 1039 1030 1118 potu
1060 1039 1245 1120 assumptis,
1277 1039 1389 1103 sudore

279 1158 338 1221 etc.
398 1153 579 1218 libratione
608 1151 705 1216 semel
731 1171 786 1234 per
807 1153 1034 1218 hebdomadem
1063 1155 1209 1219 instituta
1237 1160 1388 1237 quantum

278 1274 327 1337 his
359 1272 477 1365 caussis
515 1269 653 1346 fallitur,
690 1287 745 1351 per
781 1271 882 1334 totam
917 1271 1145 1335 hebdomadem
1180 1271 1388 1351 distribuitur,

277 1392 382 1473 itaque
410 1389 539 1454 minoris
560 1386 710 1451 momenti
732 1386 769 1450 fit
796 1386 836 1450 ad
858 1387 1023 1451 decursum
1046 1388 1148 1453 morbi
1169 1389 1387 1454 definiendum.

278 1507 385 1572 Nihilo
405 1506 505 1572 secius
528 1506 611 1570 ultro
635 1505 751 1581 fateor,
773 1504 927 1585 optandas
949 1522 1017 1569 esse
1033 1505 1134 1588 magis
1150 1507 1274 1571 crebras
1290 1507 1388 1572 libra⁶
1486 1508 1489 1512 ’
1571 1522 1573 1589 q

278 1625 380 1690 tiones
404 1661 446 1669 -
477 1623 538 1688 uisi
560 1623 600 1687 ad
622 1622 718 1687 alium
742 1623 848 1685 tamen
871 1604 1016 1684 adhunc
1039 1621 1134 1686 finem
1157 1624 1193 1687 ut
1216 1624 1387 1706 interpola-

276 1744 394 1807 tionem
412 1743 480 1807 iure
495 1743 612 1806 factam
634 1759 702 1804 esse
718 1740 758 1803 ad
773 1738 880 1804 oculos
896 1739 1142 1815 demonstratum
1164 1741 1244 1822 quod
1262 1741 1387 1823 quidem

239 1872 241 1875 ’
275 1861 340 1924 iam
363 1880 400 1924 ex
420 1861 488 1942 ipsa
510 1857 740 1941 comparatione
755 1856 948 1920 diversarum
963 1856 1216 1921 observationum
1237 1859 1386 1923 serierum

277 1978 416 2061 apparet.
1144 2060 1145 2064 Ἰ

362 2094 447 2160 Fieri
467 2111 530 2158 nou
551 2094 671 2174 potest,
701 2093 737 2156 ut
763 2091 815 2154 hic
841 2093 986 2157 accurate
1015 2092 1117 2157 morbi
1144 2093 1275 2157 historia
1294 2093 1385 2157 unius

276 2212 424 2294 cuiusque
449 2231 539 2276 casus
563 2209 765 2287 describatur,
786 2208 929 2290 quamvis
949 2208 1083 2272 maxime
1099 2209 1270 2290 optandum
1292 2197 1384 2274 es‘set.
1463 2227 1469 2231 ·
1572 2187 1573 2241 1

276 2329 358 2394 Nam
385 2330 453 2393 tarn
480 2328 590 2411 exiguo
614 2344 744 2391 numero
768 2344 897 2390 casuum
928 2325 1128 2390 discussionis
1157 2327 1292 2408 pretium
1322 2346 1384 2391 nou

276 2449 324 2512 est
352 2447 386 2510 iu
416 2445 505 2528 copia
534 2464 663 2535 casuum
690 2443 942 2521 observatorum,
978 2443 1033 2507 sed
1062 2442 1096 2506 in
1127 2443 1324 2508 accuratione
1356 2446 1388 2508 11

274 2563 396 2640 studio,
427 2562 539 2644 quibus
562 2561 678 2645 singuli
701 2579 791 2625 casus
814 2559 971 2625 observati
995 2562 1069 2625 sunt
1091 2562 1123 2624 et
1145 2561 1386 2652 diligentissima

273 2699 381 2745 eornm
404 2679 487 2743 inter
511 2697 545 2743 se
570 2677 816 2761 comparatione,
849 2696 928 2759 quae
959 2677 1085 2759 quidem
1118 2677 1186 2759 ipso
1204 2697 1300 2760 parvo
1330 2679 1387 2743 ob-

273 2796 485 2861 servationum
507 2814 636 2860 numero
656 2794 724 2859 fieri
744 2795 858 2876 potest.
904 2794 937 2858 Si
963 2795 995 2858 id
1031 2793 1135 2876 agitur
1157 2796 1193 2857 ut
1222 2795 1254 2858 in
1278 2796 1387 2860 obser-

272 2913 449 2978 vationibus
472 2912 581 2996 quales
610 2912 757 2990 clinicae,
787 2912 820 2976 in
844 2911 956 2993 quibus
985 2909 1143 2974 rarissime
1167 2909 1243 2976 licet
1265 2914 1383 2994 experi-

271 3024 386 3096 mentis
405 3033 548 3095 mutuam
570 3030 635 3094 rim
657 3047 785 3095 caussae
807 3031 839 3094 et
862 3030 991 3094 effectus
1013 3028 1245 3107 demonstrare,
1280 3031 1382 3114 legem

271 3148 409 3231 aliquam
431 3169 468 3214 ac
496 3145 638 3230 regulam
662 3166 849 3228 quaeramus
877 3148 1002 3211 omniuo
1033 3145 1153 3210 duobus
1186 3146 1287 3211 modis
1308 3168 1382 3231 pro·

269 3265 359 3348 gredi
378 3265 462 3329 licet.
504 3263 571 3328 Ant
592 3263 674 3327 enim
698 3282 793 3346 opera
816 3263 919 3328 danda
941 3267 998 3343 est,
1020 3265 1057 3329 ut
1072 3262 1212 3347 singulae
1229 3266 1378 3331 ohserva-

268 3382 371 3446 tiones
400 3358 495 3464 quam
524 3382 757 3447 accuratissime
788 3380 881 3459 fiant,
919 3400 1108 3462 caussaeque
1137 3381 1249 3463 quibus
1280 3383 1378 3449 falsae

270 3517 324 3562 eae
344 3498 432 3562 reddi
452 3499 599 3581 possunt,
620 3518 714 3580 quam
736 3498 869 3562 1111111111
891 3499 1062 3575 1111611111;
1085 3500 1141 3563 aut
1163 3498 1380 3580 multiplicatis

270 3614 557 3692 observationibus,
583 3616 649 3681 sire
671 3616 772 3699 magis
796 3616 860 3682 siue
882 3615 987 3680 minus
1008 3613 1180 3692 accuratis,
1199 3616 1301 3681 medio
1315 3594 1384 3682 'nu-

268 3751 354 3796 mero
386 3735 509 3814 sumpto
540 3732 572 3795 id
593 3733 716 3814 assequi
738 3732 899 3797 studemus
922 3734 959 3797 ut
982 3731 1126 3815 singulae
1147 3732 1381 3805 observationes

269 3866 436 3930 eammque
459 3849 563 3915 errata
591 3848 674 3912 inter
696 3868 729 3914 se
761 3852 1001 3931 compensentur
1034 3868 1108 3914 vera
1136 3849 1206 3932 lege
1230 3868 1247 3913 e
1269 3850 1381 3914 mediis

266 3965 404 4030 numeris
426 3966 650 4050 perspicienda.
693 3965 807 4030 Mediis
827 3967 932 4030 autern
954 3967 1094 4032 numeris
1115 3986 1154 4031 ue
1177 3967 1245 4048 quis
1261 3969 1378 4046 utatur,

267 4083 341 4166 quin
363 4084 595 4149 mathematicis
618 4086 650 4147 11
664 4083 801 4166 physicis
817 4083 929 4147 studiis
942 4082 1034 4165 plane
1051 4083 1241 4166 cognoverit,
1268 4086 1378 4165 quanti

266 4202 330 4266 siut
357 4203 459 4285 pretii.
519 4202 607 4266 Tunc
636 4201 738 4265 solum
769 4199 901 4265 alicuius
932 4199 1201 4277 suntmomenti,
1236 4201 1262 4264 si
1291 4203 1380 4268 valor
1433 4208 1434 4211 ’

267 4318 461 4384 definiendus
482 4319 547 4397 est,
566 4318 619 4400 qui
642 4336 741 4399 aequa
757 4317 909 4383 facilitate
925 4318 1025 4383 maior
1040 4336 1077 4381 ac
1099 4317 1201 4381 minor
1216 4318 1376 4385 observari
