3172 5004
1284 393 1327 458 33

215 580 423 645 mutationem
458 578 629 655 librentur;
677 574 815 660 plerique
860 595 934 642 uero
976 578 1121 661 ponderis
1159 579 1327 644 crescentis

215 700 356 780 tempore
377 696 474 761 semel
490 698 615 760 tantum
636 694 686 760 vel
709 696 756 760 bis
777 695 885 765 librati
906 696 988 758 sunt.
1034 694 1094 760 Sed
1111 698 1179 760 tum
1194 717 1325 779 quoque,

216 835 311 897 quum
334 818 480 898 aegrotus
505 814 603 877 donee
632 812 803 895 perfectam
830 810 990 877 laboribus
1012 813 1163 897 fungendi
1190 814 1324 879 faculta-

215 934 279 996 tem
300 933 514 1014 recuperaret,
542 931 574 995 in
597 929 775 995 nosocomio
804 931 945 994 retentus
966 913 1049 1009 erat,
1079 930 1126 993 ita
1155 933 1190 993 ut
1211 932 1326 1011 postri-

217 1048 265 1112 die
288 1069 381 1130 quem
402 1049 548 1113 dimissus
570 1050 618 1112 est
640 1047 828 1129 gravissima
856 1065 950 1128 opera
976 1048 1158 1125 sustineret,
1189 1049 1326 1130 eorporis

215 1167 336 1247 pondus
359 1166 458 1231 multo
481 1166 609 1230 inferius
633 1183 668 1230 eo
692 1164 778 1228 statu
799 1163 951 1228 mansisse
975 1168 1113 1246 apparet,
1139 1166 1191 1247 qui
1207 1167 1325 1248 primus

215 1283 399 1347 observatus
423 1286 486 1359 est,
515 1283 631 1351 nedum
658 1280 811 1364 pristinae
830 1279 1017 1345 valetudinis
1039 1283 1157 1347 statum
1179 1284 1326 1349 obtinuit.

214 1401 286 1463 Huc
308 1400 456 1481 quadrat,
479 1401 562 1484 quod
581 1418 657 1464 usus
680 1399 788 1474 docet,
809 1397 1007 1463 incommoda
1026 1399 1170 1465 morbum
1193 1420 1326 1483 sequen-

115 1524 119 1530 “
215 1517 260 1580 tia
289 1517 349 1581 diu-
370 1517 466 1582 etiam
483 1519 520 1581 in
549 1536 677 1599 corpore
699 1516 845 1580 restituto
876 1516 1000 1594 sentiri,
1041 1517 1164 1580 etiamsi
1193 1517 1326 1599 pristina

215 1633 282 1698 rita
304 1635 486 1719 iamdudum
507 1637 635 1716 recepta
650 1634 700 1711 sit,
722 1653 818 1716 quum
836 1633 859 1696 ii
879 1634 1021 1699 homines
1040 1634 1188 1699 facillime
1212 1635 1326 1699 defati-

215 1753 344 1834 gentur,
379 1753 484 1834 paullo
522 1752 706 1816 macriorem
745 1753 879 1834 speciem
918 1752 1103 1835 praebeant,
1142 1751 1326 1833 capillorum

207 1854 383 1947 'defluvium
404 1872 561 1934 accusent.
605 1870 714 1952 Aeque
738 1870 883 1933 convenit
904 1889 1069 1934 curvarum
1091 1869 1207 1946 forma,
1231 1889 1325 1951 quam

215 1988 295 2052 inira
316 1988 445 2053 videbis.

303 2177 392 2256 Quod
415 2178 549 2242 secundo
572 2177 641 2241 loco
664 2178 841 2259 quaesitum
868 2179 931 2254 est,
954 2197 1029 2241 num
1051 2177 1125 2259 quid
1146 2177 1271 2243 intersit
1292 2179 1325 2242 in

216 2296 376 2360 crescendi
403 2295 524 2360 ratione
555 2314 610 2377 pro
641 2296 797 2377 gravitate
828 2297 860 2360 et
881 2294 1087 2359 diuturnitate
1111 2296 1324 2360 antecedentis

212 2412 393 2488 affectionis,
417 2413 457 2476 ad
481 2412 582 2477 morbi
605 2412 752 2476 historiae
774 2414 966 2477 revertentes
989 2411 1225 2476 hebdomadarii
1245 2431 1323 2493 pon-

212 2530 292 2594 deris
319 2529 505 2593 incrementi
531 2528 626 2593 medii
653 2527 790 2603 numeri,
831 2529 1001 2593 secundum
1027 2529 1163 2609 quinque
1194 2547 1323 2592 casuum

211 2667 327 2730 genera
347 2665 426 2728 quae
450 2665 543 2727 supra
565 2645 774 2722 instituimus,
809 2645 960 2726 disposita
991 2644 1099 2708 eodem
1129 2663 1188 2724 quo
1216 2644 1323 2707 decre—

210 2767 319 2829 menta
340 2763 431 2828 modo
453 2762 487 2827 in
508 2762 651 2827 tabulam
671 2762 853 2845 redigimus,

471 2984 592 3050 Tabula
618 2985 688 3048 ΧΠ.

408 3165 480 3234 1,oo
570 3163 641 3234 1‚1c
731 3160 805 3230 nea
929 3164 934 3199 τ

405 3337 477 3406 aea
566 3334 639 3406 nse
699 3350 701 3355 ·
730 3332 803 3404 aso

408 3507 479 3577 1‚ec
562 3470 643 3581 ,2,54
733 3503 804 3576 eos
895 3503 969 3574 4‚5o
1041 3460 1046 3468 ⁵

359 3748 364 3751 ,
409 3680 480 3751 aas
525 3706 528 3712 .
573 3678 646 3750 aar
737 3677 808 3747 aea
899 3674 971 3746 aoo

407 3852 476 3921 1‚cr
568 3851 641 3923 aro
729 3848 802 3920 our
891 3847 966 3917 o,4o
1056 3847 1138 3918 1‚1o.

296 4086 412 4152 Contra
442 4086 468 4150 si
497 4106 603 4152 omnes
629 4087 662 4150 in
684 4102 780 4148 unam
806 4081 939 4146 classem
963 4099 1053 4144 casus
1077 4079 1321 4163 complectimur

207 4203 414 4288 nanciscimur
435 4204 514 4271 baec
536 4206 735 4286 septenorum
756 4199 876 4269 dierum
896 4198 1090 4265 incrementa

1091 4323 1109 4380 3
