3172 5004
273 388 314 452 12

271 577 387 642 valoris
415 578 605 642 mutationes
636 612 669 623 -·
705 579 764 643 hoo
795 578 844 641 est
865 576 966 640 morbi
988 576 1144 660 gravitas,
1175 575 1291 653 stadia,
1320 574 1381 638 alia

272 732 313 742 -
335 696 428 778 plano
450 700 524 761 sunt
541 698 677 781 ignotae.

358 844 580 908 Discernamus
600 844 683 908 inter
706 862 811 919 oasus,
843 845 875 906 et
900 843 1036 925 primum
1066 863 1119 908 eos
1147 844 1381 927 emungamus,

271 960 303 1023 in
325 961 437 1043 quibus
457 960 602 1042 ponderis
625 960 770 1025 diminuti
791 959 861 1024 finis
883 959 916 1023 in
934 959 1044 1023 eadem
1065 962 1167 1026 morbi
1187 959 1382 1025 hebdomade
1476 936 1478 941 ¹

273 1078 396 1142 aooidit.
447 1078 498 1142 Sio
526 1078 739 1165 distinguntur
770 1096 861 1141 casus
892 1077 1042 1158 temporis
1071 1079 1192 1159 spatio,
1228 1078 1311 1159 quod
1342 1078 1381 1141 ab

271 1194 360 1258 initio
383 1195 484 1259 morbi
506 1195 546 1259 ad
574 1195 693 1259 febrem
716 1195 808 1276 plane
830 1191 1000 1271 extinctam
1023 1193 1184 1276 delapsum
1210 1196 1268 1258 est.
1319 1194 1382 1259 Ubi
1422 1229 1424 1233 ν

272 1313 396 1377 initium
417 1312 519 1378 morbi
547 1312 586 1375 ab
614 1311 751 1393 aegrotis
781 1312 864 1375 certe
892 1311 1014 1375 definiri
1034 1331 1098 1376 non
1118 1314 1174 1395 pot
1198 1311 1236 1386 ’1,
1267 1310 1294 1373 is
1316 1310 1381 1374 dies

256 1448 327 1511 ‘pro
349 1429 438 1495 initio
460 1429 587 1493 habitus
611 1428 671 1504 est,
695 1447 756 1510 quo
779 1447 906 1510 operam
927 1429 1047 1512 aegroti
1070 1430 1263 1513 reliquerant
1282 1428 1381 1492 leoto-

176 1636 194 1667 .
272 1564 332 1626 que
351 1546 436 1611 affixi
457 1546 591 1611 11111111.
1055 1520 1066 1537 ’

360 1695 496 1759 Mutatio
521 1694 584 1758 iam
614 1694 750 1758 secunda
775 1693 971 1758 hebdomade
1000 1696 1167 1760 oonseouta
1195 1696 1244 1759 est
1281 1694 1391 1759 11111111

276 1811 415 1886 cambae,
440 1812 492 1893 qui
514 1830 622 1875 omnes
643 1811 736 1875 11111111
762 1818 856 1889 14,73
877 1812 1092 1894 perdiderunt,
1121 1813 1217 1896 igitur
1239 1831 1295 1895 pro
1319 1812 1383 1876 sin-

273 1927 356 2009 gulis
378 1928 501 1992 oasibus
524 1935 607 2004 4,91.

361 2076 497 2140 Mutatio
527 2077 622 2141 tertia
649 2077 843 2142 hebdomade
874 2085 911 2140 11
937 2077 1060 2142 oasibus
1079 2076 1198 2145 incidit.
1243 2076 1320 2156 Quo.
1344 2076 1382 2139 de

273 2212 402 2257 numero
423 2194 626 2276 perdiderunt
648 2196 787 2259 extrema
805 2197 879 2260 anta
900 2194 1108 2259 mutationem
1131 2193 1324 2259 hebdomade

439 2340 448 2348 ·
506 2321 524 2376 7
548 2331 639 2376 oasus
663 2318 757 2389 21‚57
803 2312 905 2377 medio
927 2318 1172 2389 numero-398.

275 2437 411 2501 secunda
430 2440 503 2502 ante
524 2439 732 2504 mutationem
754 2439 949 2505 hebdomade

455 2616 462 2633 ,
505 2562 640 2621 8111111
665 2562 759 2633 38,39
805 2558 907 2622 medio
928 2575 1058 2621 numero
1084 2563 1167 2634 192.

361 2702 497 2767 Mutatio
521 2705 634 2786 quarta
648 2704 841 2769 hebdomade
863 2705 1029 2770 observata
1050 2705 1149 2769 estin
1174 2704 1281 2768 decem
1306 2703 1387 2768 oasi-

275 2818 343 2882 bus.
388 2819 434 2883 Ex
457 2839 492 2884 eo
515 2840 644 2886 numero
664 2822 868 2904 perdiderunt

343 2953 445 3035 prima
466 2955 661 3019 hebdomade
685 2961 703 3018 5
730 2973 819 3020 casus
842 2962 935 3032 11,79
972 2954 1073 3019 medio
1095 2973 1225 3019 numero
1248 2960 1319 3031 2‚35

340 3071 478 3134 secunda
543 3120 561 3148 ‚‚
659 3078 700 3133 10
752 3120 769 3149 ‚,
838 3079 931 3148 38,19
977 3092 1023 3149 ·,,
1139 3122 1156 3150 ‚,
1247 3077 1316 3147 3‚81

339 3188 436 3252 tertia
542 3237 559 3266 „
679 3194 698 3252 5
751 3237 769 3266 „
838 3195 933 3266 34,44
1008 3236 1026 3265 ‚,
1138 3237 1155 3265 ‚‚
1245 3194 1327 3266 6,88.

361 3336 497 3401 Mutatio
521 3336 631 3418 quinta
662 3335 856 3401 hebdomade
882 3335 989 3400 decem
1018 3337 1142 3402 nasibus
1168 3335 1287 3400 incidit.
1339 3337 1386 3399 Ex

275 3452 387 3532 quibus
410 3453 613 3534 perdiderunt
634 3453 828 3518 hebdomade

428 3585 530 3667 prima
592 3593 725 3651 Geasus
769 3592 841 3662 aad
882 3585 984 3651 medio
1007 3605 1136 3651 numero
1161 3592 1233 3663 1,oo

428 3702 611 3766 seounda7
678 3751 696 3780 ‚,
752 3709 844 3779 23‚91
927 3751 945 3780 ‚‚
1066 3751 1084 3780 ,‚
1161 3710 1231 3780 3‚41
1341 3740 1345 3747 -

426 3819 522 3883 tertia
594 3829 612 3884 7
678 3868 696 3897 ‚,
752 3825 843 3895 36,31
927 3867 945 3895 ,,
1065 3869 1083 3898 ,,
1159 3826 1232 3898 5,18

427 3939 540 4019 quarta
592 3942 611 4001 5
677 3984 695 4013 ‚‚
749 3943 843 4014 39,33
926 3984 944 4013 ,‚
1069 3986 1087 4014 ,‚
1162 3944 1245 4016 7,86.

362 4085 498 4149 Mutatio
529 4085 628 4149 serina
654 4104 749 4165 quarn
781 4085 891 4166 quinta
919 4085 1113 4149 hebdomade
1143 4087 1310 4151 oonseouta
1337 4087 1387 4149 ost

275 4202 308 4265 in
335 4202 442 4266 deoem
474 4202 607 4267 basibus.
657 4202 703 4266 Er
727 4201 838 4283 quibus
866 4201 1068 4286 perdiderunt
1090 4203 1283 4268 hebdomade
1312 4203 1385 4267 ante

276 4318 483 4384 mutationem
1261 4310 1267 4317 ’
