3172 5004
1260 409 1302 481 25

200 610 283 675 inter
305 627 339 672 se
365 608 516 674 rationem
540 628 607 673 esse
637 628 730 692 quam
758 606 923 672 initialium
946 624 1072 670 necesse
1095 606 1186 670 esset.
1240 603 1303 670 Mi·

200 729 284 793 nime
307 746 379 791 vero
400 728 460 792 boc
482 726 644 810 contingit.
699 726 842 791 Ceterum
868 725 917 790 his
945 725 1051 807 paucis
1079 724 1181 789 verbis
1207 742 1302 805 quae-

201 848 334 912 stionem
370 846 408 911 de
444 845 584 910 relativis
622 845 826 911 decrementis
864 844 1001 908 nondum
1036 842 1128 926 plane
1167 840 1303 909 solutam

202 985 269 1030 esse
288 965 498 1047 maioremque
522 964 615 1028 etiam
644 966 853 1048 exemplorum
874 962 994 1046 copiam
1018 960 1176 1045 postulare
1203 959 1304 1023 liben-

200 1085 250 1147 ter
273 1101 417 1166 agnosco.
974 1166 976 1173 y

287 1203 354 1266 lam
383 1200 579 1265 transeamus
615 1201 655 1266 ad
688 1220 799 1266 curvas
832 1202 942 1284 quibus
979 1218 1142 1282 corporum
1168 1197 1305 1280 pondera

201 1339 255 1411 pro
303 1318 434 1403 singulis
469 1318 569 1384 morbi
612 1319 856 1384 hebdomadibus
901 1318 1047 1402 graphice
1083 1315 1302 1398 depinguntur.

202 1438 286 1517 Quas
313 1439 348 1501 ut
369 1436 572 1519 impetremus
599 1438 785 1520 ponderibus
814 1435 1023 1503 hebdomariis
1050 1433 1177 1500 tabulae
1204 1451 1303 1497 nonae

201 1575 272 1619 curn
296 1554 433 1619 decimae
455 1554 638 1620 coniunctae
663 1575 720 1639 ope
744 1555 908 1631 derivatis,
932 1554 1080 1636 temporis
1103 1552 1204 1635 spatio
1227 1552 1304 1616 heb·

201 1674 369 1739 dom'adum
404 1673 576 1738 unitatibus
614 1691 757 1756 expresso
789 1674 938 1756 tanquam
977 1672 1129 1748 abscissa,
1166 1669 1304 1752 corporis

199 1791 334 1874 pondere
369 1791 457 1855 libris
497 1790 588 1855 hodie
625 1790 750 1855 usitatis
785 1811 927 1874 expresso
968 1793 1117 1873 tanquam
1152 1787 1303 1853 ordinatis

200 1910 327 1974 utimur.
372 1909 423 1974 Sic
443 1928 555 1973 curvae
579 1909 715 1973 evadunt
737 1929 860 1974 sursum
885 1927 1056 1983 concavaer
1079 1927 1209 1990 quarum
1232 1925 1304 1989 pars

201 2027 341 2110 superior
359 2027 409 2095 ad
438 2025 685 2108 parallelismum
706 2047 777 2092 cum
800 2027 957 2102 ordinata,
992 2025 1119 2090 inferior
1147 2045 1217 2090 curn
1247 2027 1303 2090 ab·

203 2146 301 2210 scissa
329 2162 365 2208 eo
392 2145 519 2227 propius
544 2145 680 2221 accedit,
707 2154 767 2227 quo
795 2144 919 2228 longius
941 2146 989 2209 est
1017 2163 1120 2208 curva.
1166 2146 1216 2209 Ita
1244 2163 1305 2227 quo

171 2334 176 2341 ,
201 2262 317 2327 diutim
345 2262 439 2326 febris
461 2265 581 2328 arserat
603 2283 638 2328 eo
662 2264 834 2328 evidentior
857 2263 1002 2345 ponderis
1025 2280 1147 2327 curvae·
1160 2262 1303 2328 concavi·

200 2385 249 2446 tas
287 2382 359 2445 aute
388 2379 494 2444 oculos
528 2381 663 2463 ponitur.
723 2381 845 2446 Primae
880 2381 990 2446 classis
1021 2400 1148 2445 curvam
1186 2381 1304 2471 rectam

201 2500 315 2564 lineam
339 2499 406 2564 fieri
426 2499 518 2563 facile
542 2499 708 2582 intelligis,
733 2501 788 2564 scd
809 2500 876 2565 iure
900 2520 936 2564 ex
959 2499 1104 2583 analogia
1126 2498 1303 2563 concavita-

202 2621 265 2684 tem
292 2637 415 2683 sursum
442 2618 623 2700 vergentem
653 2636 719 2681 earn
749 2637 871 2709 quoque
900 2621 1116 2701 suscepturam
1139 2635 1205 2681 esse
1229 2635 1303 2681 cou-

202 2738 311 2803 eludas
354 2737 380 2800 si
425 2736 639 2801 ordinatarum
683 2736 765 2800 inter
807 2739 975 2818 utrumque
1019 2737 1170 2818 punctum
1210 2734 1304 2799 finale

202 2857 333 2920 sitarum
359 2854 543 2939 magnitudo
573 2854 692 2919 directa
720 2854 937 2918 observatione
965 2853 1213 2936 interpolationis
1234 2853 1303 2916 loce

203 2972 390 3037 definiretur.
429 2973 516 3036 Idem
535 2971 620 3036 valet
643 2972 680 3036 de
700 2971 831 3056 singulis
854 2991 1018 3036 curvarum
1040 2970 1217 3054 longiorum
1232 2988 1304 3053 seg-

201 3091 324 3155 mentis.
370 3091 516 3155 Ceterum
538 3091 713 3155 memoratu
730 3089 859 3172 dignum
882 3089 1013 3164 videtur,
1036 3108 1147 3154 curvas
1166 3089 1304 3171 perfecte

200 3210 282 3275 inter
304 3228 336 3273 se
353 3227 523 3291 congruere
545 3208 610 3272 sive
624 3207 761 3290 pondera
774 3226 937 3290 corporum
952 3207 1122 3289 ponderum
1135 3205 1303 3270 initialium

201 3329 233 3391 et
255 3327 382 3392 tabulae
406 3344 506 3390 nonae
535 3325 600 3390 sive
621 3326 793 3408 ponderum
815 3325 956 3391 finalium
986 3328 1018 3389 et
1039 3324 1165 3389 tabulae
1192 3343 1304 3389 secun·

200 3445 258 3509 dae
295 3443 408 3508 auxilio
444 3443 642 3508 deliniuntur.
694 3443 753 3523 uui
789 3444 914 3527 quidem
960 3463 1127 3508 consensus
1163 3445 1195 3508 et
1237 3443 1304 3525 ipse

199 3580 400 3626 numerorum
439 3562 669 3645 propositorum
714 3563 880 3628 veritatem
922 3563 1111 3645 comprobat.
1184 3550 1304 3645 Augeri

201 3680 295 3744 etiam
317 3682 422 3762 potest
441 3680 533 3745 huius
555 3681 600 3745 rei
623 3680 795 3746 auctoritas
817 3682 1012 3766 singulorum
1039 3699 1167 3745 casuum
1186 3679 1304 3762 ponde·

198 3797 286 3861 ribus
306 3796 452 3880 graphice
475 3798 614 3881 depictis.
660 3797 777 3878 Quodsi
802 3799 922 3864 numeri
943 3772 1037 3863 medii
1057 3798 1171 3880 reperti
1195 3815 1304 3862 revera

199 3912 301 3997 legem
339 3915 536 3980 decrescendi
578 3918 722 3981 accurate
763 3916 913 3991 reddunt,
956 3935 1068 3981 curvae
1109 3904 1304 3998 singulorum

199 4049 328 4095 casuum
351 4033 383 4096 st
403 4032 488 4114 ipsae
511 4036 618 4098 exacte
639 4052 804 4098 curvarum
829 4020 1021 4116 generalium
1059 4032 1192 4097 formam
1214 4050 1303 4114 repe·

198 4148 269 4211 tant
291 4167 417 4214 necesse
440 4152 496 4213 est.
552 4151 697 4233 Inprimis
720 4150 815 4214 etiam
838 4150 968 4215 diverds
988 4170 1153 4215 curvarum
1181 4150 1304 4233 generi-

199 4264 256 4328 bus
286 4284 302 4329 e
333 4266 444 4332 mediis
475 4269 612 4332 numeris
641 4268 851 4333 derivatarum
881 4264 999 4333 similes
1035 4270 1067 4332 et
1098 4269 1304 4352 congruentes

197 4381 278 4446 inter
300 4382 492 4467 singularum
509 4404 674 4451 curvarum
696 4402 861 4451 numerum
874 4385 1013 4473 ,inveniri
1035 4366 1176 4474 oportet
1200 4387 1305 4471 Atque
1357 4411 1361 4419 ·
